2336 3074
103 455 174 489 Der
199 455 371 489 Olmutzei·
391 454 610 500 bisclmsm-he
635 454 739 489 l'z'eai·
760 457 792 488 in
813 455 1052 500 spiritualibus
1071 455 1150 489 heht
1169 456 1223 489 die
1242 467 1315 489 »rom
1340 455 1502 500 Biscleofe
1529 455 1696 489 Ne'lsolans
1726 456 1963 499 anqeordnete

103 515 268 549 Monilion
299 516 360 549 der
383 515 555 549 olmmz-er
579 516 791 550 Domleerren
821 518 892 561 auf.
922 516 1055 561 scln'irft
1084 516 1184 550 ilmen
1205 515 1290 550 aber
1318 517 1373 550 ein
1402 516 1531 550 (meres
1551 515 1820 561 Synodalstalat
1848 527 1960 560 weyen

213 576 271 609 des
302 576 620 610 Kireleenbesm-lees
651 577 719 610 und
747 575 894 610 Sleliens
924 578 956 610 in
985 576 1087 610 stallo
1117 578 1181 610 ein.
1214 576 1272 611 Dt.
1307 575 1449 610 Olmatz.
1482 576 1537 611 12.
1570 577 1706 621 Auyust
1736 575 1845 611 1389.

268 651 462 706 Johannes
502 674 646 707 vicarius
686 675 716 705 in
754 671 977 718 spiritualibus
1014 677 1046 706 et
1083 672 1235 707 officialis
1264 673 1443 707 reverendi
1480 676 1511 707 in
1541 673 1673 707 Christo
1703 676 1807 718 patris
1840 673 1962 707 domini

103 731 230 766 Nicolai
260 735 408 778 episcopi
438 732 681 767 Oloniucensis.
726 732 886 774 Quamvis
915 732 995 766 alias
1024 733 1233 767 reverendus
1262 736 1294 766 in
1324 732 1456 767 Christo
1484 738 1579 779 pater
1608 737 1640 767 et
1669 733 1820 767 dominus
1848 737 1963 767 noster

103 792 255 826 dominus
284 792 441 826 Nicotaus
470 795 647 838 episcopus
677 792 909 827 Olomucensis
938 803 982 826 ex
1010 791 1119 826 debito
1148 794 1323 838 pastoralis
1353 793 1454 827 oflicii
1482 805 1662 839 processus
1692 798 1803 827 certos
1833 793 1962 836 fecerit,

104 856 135 886 in
164 852 281 898 quibus
310 856 438 887 moneri
468 854 634 887 mandavit
664 854 822 899 prelatos„
852 856 1044 895 canonicos,
1074 856 1220 887 vicarios
1249 857 1281 887 et
1309 853 1392 887 alios
1420 853 1653 888 beneficiarios
1682 856 1784 899 ipsius
1819 853 1963 887 ecclesie

104 913 349 951 Olomucensis.
380 925 462 958 quos
492 917 523 948 in
552 913 663 947 oflicio
692 914 805 947 divino
835 925 910 948 esse
940 916 1101 947 remissos
1129 914 1254 947 audivit
1291 918 1323 947 et
1352 914 1562 959 negligentes
1592 925 1631 947 ac
1669 916 1700 947 in
1730 913 1964 947 festivitatibus

105 974 285 1008 maioribus
314 985 379 1008 non
410 977 526 1008 venire
556 975 595 1008 ad
625 974 802 1008 ecclesiam
833 979 865 1008 et
892 985 958 1008 non
995 978 1083 1007 stare
1112 977 1144 1007 in
1173 974 1275 1008 stallis
1310 977 1389 1017 suis,
1425 975 1484 1008 sed
1518 986 1655 1008 currere
1692 986 1751 1020 per
1788 974 1963 1008 eeclesiam

105 1039 137 1068 et·
165 1037 318 1069 insistere
348 1033 611 1068 fabulacionibus
641 1039 672 1068 et
701 1034 861 1076 cachinis‚
890 1039 924 1068 ut
952 1034 1152 1080 peramplius
1181 1046 1217 1068 se
1246 1037 1278 1068 in
1307 1034 1419 1068 divino
1449 1035 1535 1068 cultu
1565 1039 1596 1068 et
1625 1034 1736 1068 oflicio
1767 1034 1963 1068 exhiberent

105 1095 271 1129 studiosos
301 1099 333 1129 et
361 1095 549 1140 diligentes,
588 1106 626 1129 ae
656 1098 686 1128 in
716 1098 882 1141 precipuis
911 1094 1157 1138 festivitatibus,
1196 1098 1227 1128 in
1265 1095 1381 1140 quibus
1411 1098 1523 1141 cappis
1554 1098 1596 1128 uti
1626 1099 1886 1133 consueverunh
1925 1094 1963 1127 ad

106 1158 229 1202 primas
258 1160 290 1189 et
318 1155 482 1189 secundas
512 1166 673 1201 vesperas
703 1167 741 1189 ac
770 1159 903 1189 missam
933 1166 1093 1189 summam
1123 1158 1277 1189 venirent
1314 1161 1343 1189 et
1383 1158 1414 1189 in
1444 1156 1569 1190 eisdem
1598 1159 1629 1189 in
1660 1156 1764 1189 choro
1795 1160 1825 1189 et
1863 1155 1965 1189 stallis

106 1219 174 1250 suis
203 1227 268 1250 non
298 1219 416 1250 missas
444 1216 597 1261 legerent
625 1216 679 1250 vel
709 1216 747 1249 ad
778 1219 911 1250 missam
950 1218 1185 1259 ministrarent,
1215 1216 1358 1261 alioquin
1389 1219 1576 1250 monicione
1606 1219 1765 1250 canonica
1804 1218 1964 1261 premissa

108 1280 139 1311 in
168 1288 283 1311 omnes
313 1281 345 1310 et
373 1276 535 1321 singulos,
569 1279 623 1321 qui
651 1279 812 1322 premissa
842 1287 906 1310 non
937 1276 1166 1322 adimplerent,
1205 1279 1568 1311 excommunicacionis
1596 1279 1801 1311 sentenciam
1831 1276 1901 1309 tulit
1935 1278 1964 1309 in

107 1340 258 1383 scriptis:
294 1342 403 1371 tamen
440 1348 514 1371 cuin
550 1337 733 1383 pendentes
771 1340 992 1370 monicionein
1027 1337 1175 1370 eiusdem
1213 1348 1392 1383 processus
1430 1337 1506 1371 dicti
1544 1340 1696 1371 canonici
1725 1336 1966 1371 Olomucenses

108 1397 285 1444 capitulum
315 1397 475 1431 facientes
513 1409 626 1431 coram
663 1397 758 1431 nobis
797 1397 962 1431 humiliter
999 1400 1245 1442 proposuerint,
1284 1398 1370 1443 quod
1407 1401 1512 1444 parati
1542 1402 1653 1432 essent
1692 1409 1812 1443 parere
1841 1397 1965 1430 eisdem

108 1457 334 1504 processibus‚
363 1458 422 1492 sed
451 1460 605 1491 timerent
634 1458 871 1495 verisimiliter„
901 1458 987 1503 quod
1016 1469 1082 1491 non
1102 1462 1239 1503 possent
1267 1458 1360 1492 salva
1389 1461 1601 1492 consciencia
1631 1458 1767 1492 eosdem
1788 1468 1967 1503 processus

108 1519 148 1552 ad
178 1529 324 1562 unguem
344 1529 485 1552 servare
515 1522 546 1551 et
566 1517 747 1563 adimplere
778 1522 948 1564 prompter
968 1521 1329 1551 excommunicacionis
1359 1522 1563 1552 sentenciam
1593 1521 1623 1552 in
1653 1521 1732 1564 ipsis
1752 1517 1966 1563 processibus

110 1579 220 1622 latam⁷
249 1578 336 1612 unde
365 1581 491 1624 possint
522 1581 694 1612 incurrere
723 1579 905 1624 periculum
935 1578 1090 1621 futurum,
1125 1577 1220 1612 nobis
1249 1589 1322 1612 cum
1353 1578 1460 1612 debita
1490 1581 1650 1613 instancia
1686 1578 1967 1624 supplicaverunt.

109 1644 283 1684 quatenus,
313 1649 386 1672 cum
416 1638 502 1672 idem
524 1639 675 1672 dominus
696 1638 852 1673 Nicolaus
882 1641 1059 1684 episcopus
1081 1638 1312 1673 Olomucensis
1341 1639 1380 1673 ad
1401 1650 1540 1685 presens
1561 1651 1626 1673 non
1656 1645 1745 1673 esset
1774 1643 1805 1673 in
1831 1639 1968 1685 dyocesi

112 1699 326 1734 Olomucensi
347 1710 409 1732 nec
438 1698 513 1732 alibi
544 1701 574 1732 in
595 1701 780 1744 propinquo
809 1701 1017 1741 constitutus,
1047 1699 1131 1743 quod
1153 1710 1213 1744 pro
1242 1710 1282 1733 eo
1311 1705 1447 1745 possent
1467 1704 1537 1734 eius
1566 1701 1730 1734 accedere
1761 1702 1968 1746 presenciam

110 1760 334 1806 personalem.
374 1759 494 1793 dictum
535 1770 730 1804 processum
770 1764 801 1793 et
837 1762 907 1793 eius
945 1762 1166 1793 monicionem
1203 1759 1310 1793 adhuc
1348 1761 1547 1806 pendentem
1586 1764 1617 1794 in
1653 1765 1755 1795 totum
1785 1760 1901 1794 tollere
1939 1763 1969 1793 et

110 1819 347 1855 executoribus
376 1831 436 1865 pro
466 1831 506 1853 eo
536 1820 618 1853 datis
647 1822 866 1863 committere„
897 1819 982 1865 quod
1020 1830 1037 1852 a
1067 1819 1121 1853 tali
1151 1823 1338 1853 nionicione
1367 1831 1426 1866 per
1456 1823 1544 1866 ipsos
1580 1821 1666 1854 facta
1695 1821 1892 1854 recederent
1932 1831 1969 1853 ae

110 1892 233 1915 novum
255 1891 449 1926 processum
472 1880 585 1913 facere
606 1880 787 1914 seeundum
808 1885 962 1914 statutum
984 1891 1043 1925 per
1072 1883 1177 1925 ipsum
1198 1880 1374 1926 capitulum
1396 1892 1455 1926 pro
1485 1892 1525 1915 eo
1547 1880 1668 1915 factum
1689 1886 1721 1915 et
1741 1880 1968 1915 confirmatum

111 1941 172 1976 sub
201 1943 294 1987 penis
323 1943 355 1974 in
385 1940 502 1974 eodem
532 1942 646 1985 positis
676 1944 708 1973 et
737 1943 920 1986 expressis,
950 1940 1174 1985 dignaremur.
1222 1939 1292 1974 Nos
1321 1943 1467 1986 ipsorum
1497 1944 1721 1987 proposicioni
1751 1946 1783 1975 et
1816 1943 1969 1987 peticioni

113 2007 278 2047 tamquam
316 2004 408 2035 iustis
444 2006 476 2035 et
514 2000 770 2035 racionabilibus
813 2005 997 2034 annuentes
1032 2001 1154 2034 dictum
1191 2012 1384 2047 processum
1423 2006 1455 2035 et
1492 2004 1563 2036 eins
1600 2005 1821 2036 inonieionein
1864 2001 1970 2034 adhuc

113 2063 296 2108 pendentes
326 2065 357 2095 in
387 2066 488 2095 tolum
510 2061 699 2095 sustulimus
721 2065 753 2095 et
780 2064 814 2095 in
842 2065 944 2095 toturn
974 2061 1116 2095 tollimus
1145 2064 1177 2095 in
1197 2061 1247 2095 his
1267 2064 1409 2107 scriptisq
1440 2062 1635 2096 mandantes
1664 2065 1695 2096 in
1716 2065 1837 2096 virtute
1857 2066 1971 2095 sancte

113 2122 308 2156 obediencie
338 2127 367 2156 et
398 2121 458 2156 sub
488 2124 850 2155 excommunicacionis
887 2132 972 2167 pena
1002 2120 1097 2155 vobis
1126 2121 1165 2155 ad
1195 2127 1345 2156 sanctum
1375 2122 1519 2166 Petrum,
1559 2123 1598 2156 ad
1637 2122 1765 2156 beatam
1806 2125 1970 2167 virginem

113 2187 146 2217 et
173 2183 213 2216 ad
242 2187 392 2216 sanctum
422 2182 618 2216 Mauriciuni
648 2184 678 2215 in
709 2181 869 2215 Olomucz
898 2181 1115 2215 ecclesiarum
1145 2182 1343 2221 rectoribusq
1374 2187 1535 2228 quatenus
1564 2194 1582 2216 a
1611 2185 1799 2217 monicione
1827 2194 1887 2228 per
1910 2192 1971 2215 vos

113 2246 162 2278 sic
191 2242 277 2276 facta
307 2246 338 2276 in
367 2243 510 2277 ecclesia
539 2242 753 2277 Olomucensi
781 2242 945 2276 antedicta
974 2242 1114 2275 dominis
1144 2242 1291 2287 prelatis,
1321 2246 1501 2283 canonicis,
1533 2245 1666 2276 vicariis
1695 2246 1727 2275 et
1755 2241 1970 2283 beneficiatis,

114 2314 212 2349 quain
242 2315 301 2338 nos
331 2303 485 2347 tollimus,
516 2306 597 2336 sicut
628 2305 732 2348 ipsum
754 2313 947 2347 processum
977 2304 1084 2335 statim
1115 2302 1279 2336 recedatis
1309 2307 1339 2336 et
1360 2303 1560 2348 peramplius
1589 2305 1659 2336 eius
1688 2305 1884 2336 execucioni
1906 2313 1970 2335 non

114 2367 271 2399 insistatis
301 2369 332 2398 et
361 2364 593 2398 nichilominus
623 2363 758 2397 eosdem
796 2362 946 2395 dominos
983 2362 1140 2407 prelatos,
1179 2365 1371 2397 canonicos.
1411 2365 1556 2396 vicarios
1585 2367 1616 2396 et
1655 2362 1856 2396 beneficatos
1885 2361 1972 2395 Olo-

116 2427 283 2458 mucensis
312 2424 455 2458 ecclesie
484 2426 647 2457 moneatis
676 2425 849 2465 canonice,
879 2432 961 2467 quos
987 2426 1018 2455 et
1046 2433 1107 2455 nos
1136 2421 1346 2467 presentibus
1376 2433 1560 2466 monemus‚
1590 2427 1622 2456 ut
1652 2425 1735 2456 sicut
1763 2425 1795 2456 in
1823 2422 1972 2468 predicto

116 2489 236 2519 statuto
266 2484 406 2530 provide
435 2488 591 2518 statutum
622 2488 682 2518 est.
713 2483 835 2516 domini
872 2481 1000 2528 prelati,
1037 2484 1200 2525 canonici,
1239 2485 1354 2516 vicarii
1383 2487 1415 2516 et
1444 2482 1590 2516 altariSte
1618 2482 1758 2528 predicti
1787 2482 1827 2516 de
1860 2486 1974 2516 cetero

116 2549 148 2579 iu
176 2547 342 2591 precipuis
372 2543 605 2579 festivitatibus
643 2546 747 2577 nostri
785 2543 962 2577 salvatoris
997 2552 1036 2575 ac
1074 2541 1170 2575 beate
1198 2541 1304 2576 Marie
1334 2545 1487 2586 virginis,
1525 2546 1740 2588 patronorum
1768 2553 1808 2576 ac
1835 2542 1973 2576 aliorum

117 2610 320 2648 sanctorum,
351 2607 381 2638 in
411 2615 551 2650 quorum
581 2604 709 2638 honore
738 2614 842 2649 cappe
880 2604 1005 2648 portari
1043 2604 1291 2638 consueverint.
1322 2601 1463 2636 dimissis
1492 2601 1705 2636 abusionibus
1734 2606 1765 2636 et
1803 2605 1974 2648 perversis

119 2664 264 2699 moribus
300 2667 412 2710 primis
442 2667 594 2710 vesperis
624 2669 655 2697 et
686 2666 793 2698 missis
823 2662 886 2696 diei
915 2664 1083 2707 sequentis
1113 2672 1216 2706 usque
1246 2661 1285 2695 ad
1315 2662 1543 2696 elevacionem
1573 2662 1735 2697 inclusive
1763 2665 1914 2696 intersint
1943 2667 1975 2696 et
