2336 3074
1017 214 1125 268 33Π

111 321 309 355 observare.
339 320 471 366 Elapsis
501 325 610 354 autem
639 319 890 365 quatuordecim
921 318 1036 353 diebus
1065 330 1082 352 a
1112 319 1260 353 secundo
1290 320 1456 365 colloquio
1486 319 1694 353 dominorum
1724 321 1755 352 in
1785 317 1919 351 Brunna
1941 323 1975 351 et

111 385 138 416 si
167 381 324 427 predictis
362 380 517 415 fratribus
553 380 751 415 Frenczlino
790 384 822 413 et
859 379 1034 413 Henellino
1072 378 1336 413 Schonmelczer
1371 385 1403 413 et
1441 383 1587 426 ipsorum
1622 378 1802 413 heredibus
1840 382 1972 412 centum

110 453 301 487 sexagenas
330 453 527 487 grossorum
556 446 589 475 et
617 443 854 487 quinquaginta
883 450 1074 484 sexagenas
1103 451 1299 484 grossorum
1322 444 1535 486 pragensium
1566 441 1779 474 denariorum
1800 451 1867 473 non
1887 451 1973 485 per-

111 503 321 537 solveremus
349 505 490 548 pecunia
520 513 593 536 cuin
623 506 750 548 parata,
780 505 851 547 ipso
881 500 1034 545 obstagio
1072 503 1211 545 prestito
1247 500 1302 534 vel
1339 511 1405 533 non
1444 503 1594 546 prestito,
1633 505 1756 534 extunc
1793 499 1973 545 sepedictis

112 562 267 596 fratribus
297 562 494 596 Frenczlino
523 567 555 596 et
582 562 757 596 Henellino
792 561 1055 595 Sclionmelczer
1092 564 1124 594 et
1152 563 1298 605 ipsorum
1335 560 1513 594 heredibus
1549 561 1664 594 damus
1702 560 1833 605 plenum
1873 570 1974 605 posse

111 623 295 657 antedictas
324 628 455 657 centum
490 634 682 667 sexagenas
719 633 916 667 grossorum
955 626 987 655 et
1022 623 1258 666 quinquaginta
1294 631 1486 664 sexagenas
1523 631 1720 665 grossorum
1759 622 1973 665 pragensium

111 683 323 717 denariorum
353 686 438 717 inter
466 682 666 717 christianos
694 683 877 728 recipiendi
907 682 961 716 vel
985 681 1106 726 judeos
1135 680 1323 725 ubicunque
1352 680 1502 713 locorum
1540 683 1618 725 ipsis
1654 680 1769 713 melius
1806 679 1975 713 videbitur

112 743 284 789 expedire,
314 748 503 777 nostrorum
525 746 670 777 omnium
700 754 801 788 super
829 742 982 788 dampna,
1003 740 1100 775 nobis
1129 745 1239 774 tamen
1259 743 1493 786 suprascriptis
1515 739 1701 784 obstagium
1723 739 1867 773 debitum
1884 751 1973 773 con-

111 806 200 837 tinue
228 807 426 847 servaturis,
456 804 563 838 donec
592 804 789 849 supradictis
820 802 974 836 fratribus
1003 801 1201 835 Frenczlino
1231 805 1262 835 et
1282 801 1459 835 Henellino
1480 799 1744 834 Schonmelczer
1766 805 1797 833 et
1825 803 1971 845 ipsorum

112 864 290 899 heredibus
327 864 368 898 de
402 867 543 910 pecunia
581 864 711 910 capitali
744 874 808 899 una
846 874 919 896 cum
957 865 1065 896 usuris
1103 861 1255 895 omnibus
1292 861 1436 907 desuper
1472 860 1701 895 crescentibus
1740 872 1779 893 ac
1824 861 1973 905 dampnis

112 924 263 959 omnibus
301 925 389 968 inde,
428 936 492 970 que
527 923 731 970 simplicibus
776 923 890 958 verbis
929 923 1093 956 affirmant
1127 925 1334 968 percepisse,
1372 921 1582 966 integraliter
1621 920 1720 954 fuerit
1755 920 1973 955 satisfactum.

112 985 199 1030 quod
227 984 334 1019 verbo
362 996 425 1018 nec
454 984 543 1018 facto
571 995 749 1030 numquam
780 984 932 1018 volumus
961 983 1147 1017 reclamare
1181 983 1256 1016 data
1285 982 1358 1016 fide.
1406 982 1443 1016 Ι11
1473 985 1566 1015 cuius
1603 984 1652 1015 rei
1688 983 1912 1015 testimonium
1942 984 1975 1012 et

112 1044 214 1078 robur
242 1044 455 1079 obtinendum
485 1044 592 1089 sigilla
621 1049 734 1078 nostra
765 1044 805 1077 de
835 1047 926 1077 certa
955 1048 1068 1077 nostra
1104 1046 1249 1077 sciencia
1284 1041 1496 1088 presentibus
1534 1046 1607 1076 sunt
1646 1052 1804 1087 appensa.
1852 1040 1973 1074 Datum

111 1106 212 1140 Anno
241 1106 364 1139 domini
392 1105 568 1140 Millesimo
597 1107 833 1139 trecentesimo
854 1106 1102 1150 septuagesimo
1123 1107 1219 1137 sexto
1240 1105 1272 1136 in
1289 1103 1341 1136 die
1361 1105 1466 1136 sancti
1487 1101 1627 1146 Georgii
1655 1103 1799 1135 martiris
1819 1100 1974 1145 gloriosi.

422 1193 513 1228 (Orig.
537 1193 618 1227 Perg.
645 1193 660 1218 7
686 1193 713 1218 h.
737 1192 794 1226 Sig.
818 1192 855 1217 im
880 1192 933 1225 Igl.
958 1191 996 1217 St.
1023 1190 1168 1225 Archive.)

1005 1363 1080 1397 37.

112 1475 298 1520 Mar-hyras
315 1474 427 1508 Jodoh:
454 1474 595 1518 kiltecliqt
624 1475 697 1508 dem
727 1475 893 1518 Isnjetau,
921 1474 1051 1518 Grafelt
1080 1476 1123 1508 im
1154 1472 1332 1517 szdqan,
1364 1484 1422 1514 an,
1452 1472 1533 1505 (lass
1562 1471 1613 1504 die
1642 1470 1975 1513 Bevollmszelatiytea

113 1536 172 1569 des
202 1535 430 1579 Marlsqrafen
460 1535 597 1579 Prolfop
627 1546 743 1579 ‘we-qen
772 1536 887 1568 semer
915 1534 1064 1568 Hee'ratlt
1101 1536 1160 1567 mit
1197 1533 1393 1576 Jacobella,
1424 1533 1597 1575 Isnjetans
1631 1532 1789 1571 Toeleter,
1820 1531 1872 1564 bei
1899 1531 1974 1563 [lem

292 1599 488 1639 ¹qenaimten
521 1596 651 1640 Grafen
679 1595 884 1629 ersclzeiuen
913 1595 1060 1628 werden.
1115 1594 1173 1628 Dt.
1206 1594 1328 1627 Bre'lme
1360 1592 1418 1626 14.
1452 1593 1526 1625 Mae?
1553 1594 1648 1626 circa
1680 1591 1789 1625 1376.

269 1689 429 1750 Illustris,
460 1706 636 1752 magnifice
664 1710 718 1740 vir
746 1706 965 1743 dominabilis.
996 1710 1102 1740 amice
1131 1709 1314 1740 carissime.
1359 1705 1645 1747 Quemadmodum
1676 1705 1913 1737 serenissimus
1942 1707 1975 1735 et

112 1771 349 1803 invictissimus
378 1771 533 1814 princeps
563 1772 595 1801 et
623 1767 787 1810 dominus,
817 1768 968 1801 domiuus
1006 1767 1149 1801 Karolus
1182 1772 1330 1812 quartus,
1363 1766 1591 1799 Romanorum
1626 1767 1807 1809 imperator
1840 1774 1975 1808 semper

110 1833 270 1874 augustus
300 1833 332 1862 et
359 1828 498 1862 Boemie
536 1839 611 1867 rex,
641 1827 793 1861 dominus
831 1832 944 1861 noster
982 1828 1284 1869 metuendissimus,
1314 1831 1408 1872 pater
1444 1829 1568 1871 pariter
1606 1829 1638 1858 et
1675 1828 1812 1870 patruus
1850 1834 1972 1856 aman—

109 1892 266 1933 tissimus,
296 1892 443 1923 intimata
473 1900 511 1922 ea
542 1887 788 1921 deliberacione
824 1887 1029 1922 honorabilis
1056 1891 1162 1922 vestri
1191 1887 1370 1921 consiliarii
1408 1897 1510 1932 super
1538 1885 1710 1931 parentele
1739 1888 1912 1917 contractu
1941 1886 1972 1915 in

109 1960 272 1995 personas
302 1949 474 1983 illustrium
505 1948 671 1993 Procopii,
701 1951 805 1981 nostri
835 1948 957 1989 fratris,
988 1953 1020 1981 et
1048 1947 1220 1981 Jacobelle
1250 1947 1314 1981 filie
1342 1951 1458 1981 vestre
1487 1950 1583 1990 grata
1613 1947 1740 1990 recepit
1769 1948 1801 1977 et.
1821 1947 1972 1989 accepta.

111 2015 145 2043 ut
172 2013 282 2043 animo
311 2020 371 2043 suo
399 2009 564 2055 placeant,
594 2013 690 2054 prout
719 2011 750 2041 in
780 2009 882 2042 literis
911 2011 990 2052 suis,
1012 2019 1093 2053 quas
1114 2007 1290 2052 magnifice
1312 2008 1534 2041 dominacioni
1554 2009 1670 2040 vestre
1700 2005 1822 2048 ‹iii-igit.
1843 2004 1973 2048 plenius

112 2074 162 2103 est
190 2081 408 2115 expressum:
439 2069 497 2103 Sic
525 2074 558 2102 et
586 2080 647 2103 nos
677 2069 817 2102 eandem
847 2069 1051 2114 parentelam
1081 2071 1190 2101 animo
1219 2070 1352 2102 sincero
1373 2067 1539 2111 diligimus
1569 2070 1600 2099 et
1622 2064 1837 2109 magnitudini
1858 2067 1973 2097 vestre

113 2133 252 2164 eximias
280 2133 471 2174 graciarum
500 2132 657 2163 acciones
687 2129 1004 2174 rese1·1*i1nus,quod
1034 2129 1073 2162 ad
1102 2139 1163 2162 nos
1190 2132 1222 2161 et
1251 2127 1382 2160 domum
1414 2131 1560 2160 nostram
1591 2124 1782 2158 Boemicam
1812 2135 1871 2168 pre
1901 2123 1973 2156 aliis

113 2191 224 2224 mundi
261 2190 464 2236 principibus
502 2191 617 2224 oculos
655 2193 759 2224 vestri
798 2190 924 2223 favoris
961 2176 993 2222 et
1035 2191 1185 2222 amicicie
1227 2188 1408 2229 direxistis,
1451 2185 1662 2229 magnificam
1705 2184 1971 2217 dominacionem

112 2255 258 2284 vestram
289 2250 469 2284 affectuose
498 2255 669 2295 rogantes,
700 2255 861 2296 quatenus
890 2254 1028 2282 nuncios
1057 2253 1088 2282 et
1116 2253 1353 2294 procuratores
1374 2246 1529 2280 antedicti
1550 2247 1713 2278 carissimi
1734 2246 1838 2277 nostri
1860 2243 1971 2275 fratris

112 2310 277 2356 Procopii,
307 2313 361 2356 qui
390 2311 430 2344 de
459 2314 606 2356 presenti
635 2311 675 2344 ad
704 2315 851 2345 vestram
883 2309 1006 2343 vadunt
1042 2311 1252 2354 presenciam
1282 2318 1355 2340 cum
1386 2308 1616 2351 procuratorio
1655 2309 1685 2337 et
1716 2303 1870 2336 mamiato
1900 2305 1971 2335 eius

113 2370 310 2414 sufficiente,
340 2374 423 2405 sicut
452 2370 517 2404 hoc
551 2374 582 2404 in
620 2374 743 2405 nostris
778 2370 926 2416 partibus
961 2369 1076 2402 melius
1115 2373 1147 2401 et
1180 2368 1289 2401 utilius
1327 2370 1430 2412 potuit
1468 2366 1626 2403 ordinari,
1665 2364 1820 2407 dignetur
1856 2367 1971 2396 vestra

113 2430 295 2465 sublimitas
324 2431 508 2464 clementer
536 2434 691 2477 accipere
721 2436 753 2465 et
782 2431 820 2464 ad
852 2430 915 2463 lioc
944 2431 1087 2474 operari,
1118 2428 1203 2472 quod
1225 2427 1423 2460 antedictum
1454 2428 1631 2469 negocium
1662 2428 1690 2457 et
1721 2422 1866 2456 officium
1887 2434 1971 2468 spe-

112 2495 218 2525 ratum
247 2494 361 2525 veniat
389 2491 449 2536 (ad
478 2490 607 2537 finem),
638 2490 914 2536 quemadmodum
950 2489 1128 2534 imperialis
1158 2491 1313 2521 maiestas
1352 2487 1392 2520 de
1430 2491 1543 2519 vestra
1583 2487 1786 2529 ingenuitate
1824 2482 1970 2516 confidit.

112 2551 153 2585 Et
182 2562 244 2585 nos
273 2551 424 2585 similiter
452 2554 601 2596 gerimus
628 2554 919 2597 presumpcionem
941 2549 1106 2582 indubiam
1127 2547 1245 2581 fiducie
1266 2546 1455 2591 singularis,
1478 2546 1559 2579 deus
1580 2547 1788 2589 omnipotens
1810 2543 1969 2576 illustrem

112 2622 290 2657 personam
320 2615 468 2645 vestram
497 2622 611 2644 sanam
642 2616 674 2644 et
702 2611 902 2644 incolumem
931 2620 1137 2643 conservare
1166 2608 1320 2652 dignetur
1350 2611 1500 2651 tempore
1523 2605 1687 2638 diuturno.
1718 2603 1837 2637 Datum
1860 2602 1973 2635 Brune

114 2672 166 2705 die
194 2671 290 2705 XIIII
318 2673 442 2705 niensis
469 2670 559 2704 Maii.
