2336 3074
980 240 1053 274 ‘2723

83 344 208 376 gesctzt:
233 342 267 367 in
292 342 378 368 illis
402 342 586 381 partibus.
611 357 653 361 —-
676 339 700 377 ³)
726 342 801 369 Statt
824 343 904 368 sicud
929 343 1020 368 steht:
1045 346 1087 369 ct.
1106 359 1144 362 —
1170 342 1194 378 ⁴)
1213 344 1376 369 cottidie
1401 345 1616 377 cingeschaltct.
1642 361 1679 364 —
1707 343 1730 380 5)
1756 346 1809 371 Die
1835 346 1950 372 XVorte:

82 393 262 420 baronum
287 398 323 420 ct
346 395 450 421 fehlcn.
485 410 522 414 ——
556 392 581 429 6)
606 395 835 429 Eingeschaltct:
859 398 896 421 et
918 395 1109 420 nobilium.
1140 411 1180 414 ——
1215 393 1238 429 ¹)
1263 397 1538 422 constituimus
1562 397 1642 422 fehlt.
1674 413 1714 416 —
1747 394 1772 431 5)
1797 398 1837 423 (lc
1865 397 1950 425 fehlt.

81 461 124 464 —
147 442 172 480 ⁹)
197 446 288 472 Statt:
311 448 390 473 nullo
414 448 490 473 steht
513 447 673 473 nichilo.
698 463 739 466 -—
759 444 795 481 ¹⁰)
821 447 910 473 Statt:
927 451 1044 480 excepto
1069 447 1145 472 steht
1168 447 1325 472 incluso.
1346 463 1384 466 —q
1406 445 1440 481 ¹¹]
1468 449 1521 474 Die
1546 449 1650 474 lctzten
1675 449 1744 474 zwei
1762 449 1860 475 XVorte
1885 449 1950 475 sind

82 500 206 523 versetzt
229 498 287 523 und
311 507 347 523 an
371 499 516 525 dieselben
540 499 663 525 schliesst
686 499 747 524 sich
772 508 824 524 an:
848 498 995 530 literas,
1024 499 1248 532 privilegia,
1269 500 1363 531 jura,
1388 499 1608 531 libertates,
1632 504 1788 533 statuta,
1820 501 1949 527 obser-

81 549 244 575 vaucias
261 552 297 575 et
313 550 628 584 consuetudines,
646 559 741 583 quas
758 553 794 575 et
817 558 886 583 que
910 549 1102 581 civitates,
1119 550 1232 583 opida
1255 554 1290 575 ct
1313 551 1419 584 villo,
1437 552 1584 585 prelati
1610 556 1645 577 ct
1668 553 1951 579 ecclesiastice

80 609 245 634 persone
262 601 471 627 habuerint
487 602 687 635 hucusque,
708 601 932 636 innovandi,
950 601 1191 633 ratificandi,
1207 601 1430 627 affirmandi
1448 607 1483 627 et
1501 603 1763 635 confirmandi,
1778 604 1948 637 quocies-

81 660 228 686 cunquc
252 653 380 679 fuerit
403 656 640 687 oportunum.
659 668 699 672 —
719 650 756 687 ¹²)
781 652 857 679 Statt
880 653 1024 687 premissis
1049 653 1125 679 steht
1148 653 1346 687 predictis.
1368 669 1401 672 ἣ
1425 652 1461 688 ¹3)
1486 655 1566 680 Nach
1592 656 1654 680 dem
1672 656 1771 682 Worte
1796 657 1947 682 ordinandi

79 703 156 729 steht
186 704 223 730 im
249 705 275 730 2.
300 705 483 739 Exemplare:
507 708 543 731 et
567 705 609 730 ab
634 705 774 731 eisdem
800 705 975 739 homagia
1004 706 1223 731 fidelitatis
1247 708 1281 731 ct
1314 706 1478 731 alterius
1503 707 1767 740 cuiuscunque
1791 708 1946 739 generis

75 756 291 789 juramenta
311 757 499 782 hactenus
517 760 699 783 consueta
720 760 852 783 nost-ro
877 760 912 783 et
935 757 1251 790 impcriinomine
1269 758 1444 791 recipere
1469 767 1484 782 a
1508 759 1674 783 vasallis
1704 760 1947 785 ecclesiasti-

79 807 132 833 cis
149 811 185 833 et
208 808 464 840 secularibus,
489 809 680 843 collegiis,
698 809 1033 835 universitatibus
1060 812 1095 834 et
1118 809 1388 843 singularibus
1410 810 1588 842 personis
1613 813 1647 835 ct
1671 811 1763 836 aliis
1793 811 1946 844 quibus-

78 867 224 892 cunque
248 868 475 894 quacunque
500 869 612 886 causa
635 861 695 886 vel
715 862 797 894 jurc
822 861 1036 886 debeantur
1060 870 1100 886 ac
1124 861 1240 886 eciam
1272 861 1314 885 de
1339 861 1449 886 novis
1481 861 1648 886 vasallis
1672 870 1739 895 per
1761 862 1878 895 ipsum
1904 863 1946 888 de

77 919 176 937 novo
200 911 356 944 fiendis,
379 921 524 938 necnon
549 913 630 938 vice
654 921 765 939 versa
796 913 832 938 in
864 913 1025 938 animam
1056 916 1226 938 nostram
1255 913 1396 945 jurare.
1429 928 1465 931 —
1502 910 1538 946 ¹⁴)
1564 916 1606 938 et.
1641 929 1680 931 Α
1716 911 1752 947 15)
1778 914 1867 939 fore.
1907 930 1946 933 -—

79 959 115 996 16)
132 966 176 988 et.
195 977 232 982 —
254 961 291 998 ¹⁷)
314 972 377 989 seu
401 964 482 991 fehlt.
509 979 545 983 ——-
567 961 603 998 ¹⁸)
628 968 698 990 statt
721 965 765 990 vcl
790 965 866 990 steht
889 974 961 991 seu.
986 980 1027 983 -—
1054 961 1090 998 19)
1115 973 1179 990 seu
1202 964 1283 989 fehlt.
1312 979 1347 983 —
1374 961 1413 994 20)
1438 967 1507 989 statt
1531 968 1559 989 ct
1583 965 1657 989 steht
1681 974 1752 990 seu.
1780 981 1815 984 —-
1843 963 1881 999 21)
1907 969 1941 991 ct

76 1013 157 1039 fehlt.
202 1029 237 1033 —-
279 1012 318 1049 22)
343 1018 413 1040 statt
437 1024 485 1041 seu
517 1016 593 1041 steht
616 1019 659 1041 et.
698 1032 735 1035 ——
779 1014 817 1050 25)
843 1019 913 1042 statt
930 1017 978 1042 des
1002 1016 1184 1050 unrichtigcn
1208 1016 1337 1041 mutandi
1362 1016 1437 1041 steht
1461 1016 1512 1041 das
1536 1016 1656 1050 richtigc
1681 1017 1879 1044 multandi.
1906 1032 1943 1036 —

76 1062 115 1100 ²⁴)
138 1066 192 1092 Die
216 1066 333 1092 VVorte:
356 1067 403 1092 vel
426 1070 511 1101 prout
533 1068 587 1093 sibi
610 1068 753 1094 videbitur
776 1069 839 1094 sind
863 1069 1005 1095 zwischen
1030 1068 1143 1094 iusticia
1167 1068 1224 1093 und
1249 1068 1391 1093 mediante
1415 1068 1632 1102 eingeschaltct.
1658 1083 1695 1087 —-
1726 1066 1764 1102 25)
1790 1069 1843 1094 Die
1875 1069 1943 1094 zwoi

74 1117 181 1143 letzten
206 1118 305 1144 lVorte
329 1119 428 1144 stehen
451 1122 584 1146 versetzt.
611 1135 647 1139 —-
673 1117 712 1155 26)
730 1120 825 1146 steht:
849 1121 977 1154 exiget
1000 1121 1060 1146 vel
1084 1120 1266 1154 requiret.
1286 1134 1323 1139 —
1350 1117 1388 1153 ²⁷)
1414 1120 1482 1145 Hier
1504 1120 1542 1145 ist
1566 1120 1616 1145 das
1640 1120 1856 1154 Nachfolgende
1881 1121 1938 1146 cin-

74 1169 248 1202 geschaltet:
265 1169 431 1196 Crimina
454 1171 573 1197 eciam
596 1171 631 1197 in
650 1172 837 1205 judicium
862 1172 1028 1198 deducta
1051 1174 1086 1198 et
1103 1181 1197 1206 pena
1221 1171 1381 1197 inflicta
1404 1174 1475 1196 tani
1506 1171 1606 1205 ipsis
1638 1172 1788 1205 punitis
1820 1172 1943 1197 adhuc

74 1221 294 1248 viventibus
311 1231 413 1256 quam
430 1223 525 1256 ipsis
550 1224 709 1250 mortuis
732 1225 900 1258 ipsorum
917 1224 1066 1255 liberis,
1083 1225 1113 1250 si
1137 1232 1262 1249 eorum
1279 1223 1448 1255 intersit,
1464 1223 1750 1257 indulgenciam
1768 1224 1943 1249 obtinere

74 1276 138 1298 aut
153 1274 271 1299 eciam
288 1274 369 1308 illa,
395 1284 462 1309 que
479 1284 551 1300 non
568 1279 656 1301 sunt
671 1276 906 1309 injudicium
924 1276 1096 1309 deducta⁷
1121 1278 1185 1300 aut
1202 1275 1365 1300 deducta
1381 1275 1445 1300 scd
1461 1283 1532 1300 non
1548 1275 1694 1308 punita,
1719 1275 1942 1301 remittendi

72 1333 139 1359 per
168 1325 454 1360 indulgenciam
484 1330 548 1352 aut
578 1336 641 1361 per
664 1328 961 1353 rcstitucionem
992 1327 1035 1352 ad
1058 1327 1235 1360 patriam,
1264 1327 1389 1360 larem,
1414 1326 1519 1358 bona,
1547 1326 1776 1360 dignitates,
1808 1327 1942 1352 bonam

73 1377 207 1403 famam
232 1381 268 1403 et
290 1378 451 1404 honores
482 1379 731 1415 restituendi,
763 1380 843 1406 sive
875 1380 951 1405 sint
975 1379 1198 1412 singulares
1230 1387 1393 1412 persone
1418 1378 1497 1403 sive
1521 1379 1734 1411 generales,
1768 1378 1884 1403 eciam
1912 1379 1943 1403 si

72 1437 138 1463 per
161 1430 316 1455 eundem
341 1434 508 1456 nostrum
533 1431 720 1457 vicarium
752 1435 880 1457 essent
903 1431 945 1456 de
970 1431 1128 1456 crimine
1159 1439 1384 1464 quocunque
1410 1430 1686 1464 condempnati.
1721 1446 1760 1449 —
1793 1427 1831 1463 28)
1864 1430 1940 1456 Statt

71 1481 117 1507 vel
141 1481 218 1507 steht
240 1484 283 1507 et.
300 1497 341 1500 —
365 1479 404 1516 29)
429 1483 556 1508 eciam.
583 1498 618 1502 —
646 1480 684 1516 30)
709 1484 763 1509 Die
787 1484 893 1509 letzten
917 1484 976 1509 drei
992 1483 1092 1508 XVorte
1116 1483 1215 1508 stehen
1232 1485 1373 1509 versetzt:
1397 1481 1559 1507 infamia
1582 1490 1641 1507 seu
1666 1482 1942 1507 inhabilitate-

72 1548 115 1552 —-
147 1529 188 1571 ³¹)
220 1533 295 1560 Statt
325 1536 354 1559 et
384 1534 460 1559 steht
491 1544 541 1562 ac.
568 1549 605 1554 —
632 1532 670 1568 3²)
703 1535 882 1568 honores,
907 1538 1025 1561 actus.
1057 1550 1098 1553 Μ
1122 1531 1160 1568 33)
1193 1534 1263 1559 Hier
1290 1534 1327 1559 ist
1358 1533 1430 1559 noch
1465 1533 1667 1567 hinzugefiigt:
1699 1533 1940 1559 hereditates

70 1588 269 1618 parentum
300 1588 336 1611 et
364 1586 525 1611 aliorum
557 1595 869 1621 quorumcunque
900 1591 935 1613 et
965 1587 1082 1613 eciam
1115 1586 1158 1611 ad
1189 1586 1308 1611 feuda.
1342 1601 1380 1604 —
1406 1582 1445 1619 ³⁴)
1470 1586 1539 1611 Hier
1562 1585 1635 1619 folgt
1664 1585 1752 1610 noch:
1782 1585 1940 1611 comites

70 1636 279 1671 palatinos,
311 1637 555 1664 tabelliones
584 1647 648 1664 seu
672 1639 844 1665 notarios
876 1639 1056 1673 publicos
1082 1638 1252 1673 creandi7
1284 1637 1457 1672 faciendi
1481 1640 1516 1662 et
1547 1637 1754 1662 ordinandi
1786 1640 1941 1670 recepto

71 1687 114 1713 ab
137 1687 192 1713 eis
219 1689 441 1721 juramento
466 1689 594 1716 debito
627 1699 704 1716 cum
734 1691 926 1716 clausulis
957 1689 1161 1724 oportunis
1185 1692 1221 1715 et
1250 1689 1378 1714 factos
1409 1688 1628 1714 revocandi.
1660 1703 1702 1707 —
1734 1685 1772 1722 3⁵)
1805 1688 1874 1713 Hier
1905 1689 1942 1714 ist

70 1739 293 1774 eingeschaltet:
317 1743 390 1766 tam
413 1742 598 1768 civilibus
622 1751 726 1776 quam
751 1742 1026 1768 criminalibus
1050 1741 1168 1767 eciam
1193 1741 1232 1766 de
1256 1741 1485 1766 interiectis
1510 1741 1553 1765 ad
1577 1749 1650 1765 nos.
1673 1756 1709 1758 —
1736 1737 1774 1774 36)
1798 1740 1868 1765 Hier
1892 1740 1943 1765 der

70 1791 190 1817 Zusatz:
215 1791 379 1818 cudendi
403 1796 438 1818 et
462 1794 547 1819 cudi
571 1794 755 1828 faciendi⁷
786 1794 1017 1819 monetar10s
1040 1793 1278 1819 instituendi
1302 1795 1338 1818 et
1367 1793 1487 1826 ipsam
1512 1795 1695 1818 monetam
1722 1792 1941 1825 ubicunque

69 1843 245 1871 voluerit.
287 1859 327 1863 —-
367 1841 406 1878 37)
437 1845 507 1871 Hier
537 1845 611 1879 folgt
640 1845 731 1871 noch:
763 1854 804 1871 ac
835 1846 954 1871 eciam
985 1845 1194 1871 revocandi
1226 1845 1332 1870 iuxta.
1356 1853 1419 1870 sue
1443 1844 1599 1870 libitum
1631 1844 1863 1870 voluntatis.
1903 1859 1934 1861 —

69 1891 110 1930 ³8)
127 1895 203 1922 Statt
225 1896 370 1930 premissis
394 1897 470 1922 steht
493 1897 697 1931 predictis.
715 1913 753 1917 —
779 1895 819 1933 30)
836 1898 906 1923 Hier
929 1897 1018 1923 steht:
1042 1897 1159 1923 visum
1182 1896 1312 1923 fuerit.
1332 1911 1368 1916 —
1388 1893 1426 1931 40)
1452 1897 1512 1921 Das
1530 1896 1613 1921 VVort
1637 1895 1778 1921 videbitur
1806 1895 1879 1920 fehlt
1902 1895 1938 1919 im

70 1947 96 1972 2.
114 1948 291 1981 Exemplare.
310 1963 348 1967 —-
367 1946 406 1982 41)
424 1949 654 1983 Eingeschaltet:
678 1950 951 1975 existentibus.
971 1965 1007 1967 —
1028 1946 1066 1983 ⁴²)
1083 1949 1341 1983 transigendi.
1358 1964 1399 1967 ——‹
1417 1945 1455 1982 ⁴3)
1474 1948 1563 1974 Statt:
1587 1956 1635 1973 seu
1649 1947 1725 1972 facta
1740 1947 1785 1972 vel
1807 1946 1937 1972 ordinata

68 1999 198 2034 tollendi,
223 2000 314 2026 steht:
338 2001 549 2026 renovandi
574 2004 608 2026 et
631 2001 887 2027 confirmandi
912 2010 987 2026 cum
1012 2001 1183 2027 cautelis
1214 2004 1248 2026 et
1272 2000 1455 2026 clausulis
1480 2000 1681 2033 oportunis
1706 1999 1937 2031 easdemque

67 2051 239 2077 tollendi.
263 2067 306 2070 —
329 2049 367 2088 ⁴⁴)
392 2052 468 2078 Statt
491 2056 519 2078 et
542 2052 618 2078 steht
642 2061 690 2080 ac.
724 2068 762 2071 —
787 2050 827 2087 ⁴5)
852 2053 921 2078 Hier
951 2053 989 2079 ist
1011 2053 1233 2086 eingeschaltet:
1267 2060 1484 2078 concessos.
1512 2067 1547 2069 —
1573 2048 1612 2084 46)
1637 2050 1754 2075 fuerit
1783 2050 1863 2075 fehlt.
1896 2065 1936 2067 Ἀ

68 2100 106 2137 ⁴⁷)
123 2103 193 2129 Hier
209 2105 246 2129 ist
262 2104 468 2137 eingeschaltet
491 2104 561 2132 vel.
580 2120 619 2123 —
637 2101 676 2138 ⁴⁵³)
694 2104 769 2131 Statt
784 2105 830 2130 vel
845 2105 921 2130 steht
937 2113 1009 2130 seu.
1026 2120 1069 2123 —
1084 2101 1123 2139 ⁴⁹)
1141 2105 1210 2129 Hier
1225 2104 1263 2129 ist
1286 2103 1509 2137 eingeschaltct:
1536 2103 1587 2129 ab.
1606 2117 1647 2121 ——
1664 2099 1701 2135 ⁵⁰)
1716 2101 1791 2127 Statt
1808 2101 1936 2126 dicentur

67 2155 143 2180 steht
166 2155 354 2181 dicuntur.
374 2172 410 2175 —
429 2153 470 2193 51)
488 2156 578 2182 Statt:
602 2156 780 2190 negligentes
804 2165 853 2181 seu
876 2156 1040 2182 resistentes
1065 2156 1244 2189 disponendi,
1268 2155 1358 2181 steht:
1375 2154 1658 2185 inobediencia,
1680 2152 1936 2186 negligencia

67 2214 131 2232 seu
162 2207 401 2233 resistencia
425 2208 692 2241 dispensandi.
723 2223 764 2226 —
796 2205 835 2242 52)
860 2208 914 2233 Die
937 2208 1052 2234 VVorte:
1076 2207 1246 2233 auctoritate
1276 2207 1415 2240 imperiali
1447 2206 1544 2231 fehlen
1567 2206 1603 2230 im
1637 2206 1663 2230 2.
1688 2204 1864 2237 Exemplare.
1896 2219 1938 2221 ——

68 2255 107 2292 ⁵³)
132 2258 186 2284 Die
218 2258 277 2284 drei
301 2259 407 2285 letzten
431 2259 531 2285 XVorte
555 2259 655 2285 stehen
680 2262 818 2285 versetzt:
843 2260 1072 2285 mencionem
1096 2260 1132 2284 in
1156 2259 1410 2297 presentibus.
1434 2273 1475 2276 —<
1508 2255 1547 2291 ⁵⁴)
1579 2256 1655 2282 Statt
1677 2256 1812 2289 predictis
1846 2255 1936 2280 steht:

67 2309 292 2335 antedictis.
322 2325 355 2329 —
383 2308 424 2345 55)
448 2310 517 2336 Hier
540 2311 578 2336 ist
601 2311 652 2336 das
675 2311 761 2337 Wort
785 2320 824 2336 ac
849 2311 1065 2345 eingeschaltet.
1088 2326 1131 2330 -—
1155 2307 1193 2345 55)
1226 2310 1302 2337 Statt
1324 2313 1352 2335 et
1376 2310 1453 2335 steht
1476 2317 1525 2334 ae.
1552 2323 1588 2327 ——
1615 2305 1654 2341 5⁷)
1679 2307 1754 2333 Statt
1785 2315 1834 2332 seu
1859 2306 1937 2331 steht

65 2361 136 2387 vel.
160 2377 202 2380 —
226 2358 264 2396 58)
288 2362 342 2388 Die
366 2362 472 2388 letzten
497 2363 567 2388 zwei
590 2363 690 2389 XVorte
714 2365 854 2389 versctzt:
871 2363 997 2388 facere
1021 2363 1241 2396 specialem.
1270 2377 1302 2380 --
1331 2358 1370 2395 5⁰)
1396 2361 1455 2385 Das
1480 2360 1564 2384 XVort
1585 2362 1619 2384 et
1644 2358 1726 2384 fehlt.
1746 2373 1783 2376 —
1802 2354 1840 2391 60)
1859 2357 1934 2383 Statt

65 2412 254 2446 premittimur
278 2413 354 2439 steht
377 2414 513 2448 richtiger
536 2415 785 2448 premittitur,
810 2430 850 2433 -Δ
868 2412 906 2449 61)
931 2415 985 2440 Die
1008 2414 1077 2440 zwei
1101 2414 1208 2439 letzten
1233 2414 1330 2438 XVortc
1356 2412 1454 2437 stchcu
1479 2413 1620 2436 versetzt:
1645 2410 1777 2442 aliquo
1801 2417 1890 2434 eoru
1900 2418 1935 2440 m,

65 2479 106 2482 —
131 2461 170 2498 ⁰²)
194 2465 255 2490 Das
279 2464 364 2491 XVort
386 2469 422 2491 et
444 2466 524 2491 fehlt.
545 2481 581 2484 —
601 2463 639 2500 63)
665 2466 740 2492 Statt
762 2466 781 2491 fi
806 2467 883 2492 steht
906 2454 1033 2492 finali.
1058 2482 1099 2485 —
1124 2463 1162 2499 61)
1187 2465 1262 2490 Statt
1286 2465 1345 2489 sive
1370 2463 1445 2488 steht
1469 2466 1512 2487 ct.
1538 2477 1576 2479 —
1603 2458 1640 2495 ¹¹⁵)
1665 2461 1725 2485 Vor
1749 2460 1810 2485 dem
1835 2460 1936 2486 XVortc

66 2515 238 2541 officialibus
260 2516 305 2542 bis
329 2517 542 2551 quomodolibet
566 2517 658 2543 steht:
681 2518 1013 2543 universitatibus
1037 2517 1250 2547 civitatum,
1276 2520 1499 2546 castrorum,
1518 2513 1724 2546 opidorum,
1742 2511 1935 2540 villarum,

65 2567 315 2593 districtuum
346 2571 381 2593 et
410 2568 696 2594 territoriorum
727 2569 836 2594 nobis
866 2572 900 2595 et
923 2577 1032 2595 sacro
1063 2569 1226 2594 Romano
1258 2566 1425 2600 imperio.
1463 2580 1498 2583 —<
1533 2561 1571 2598 ⁶⁶)
1596 2564 1671 2589 Statt
1701 2563 1829 2597 quelibet
1859 2563 1935 2588 steht

65 2619 274 2651 quodlibet.
307 2634 350 2638 —
374 2617 412 2654 ⁶⁷)
436 2620 506 2645 Hier
536 2620 573 2645 ist
596 2620 817 2654 eingeschaltet:
841 2621 960 2646 nobis.
994 2635 1031 2639 —
1058 2617 1096 2654 θ’3)
1129 2620 1204 2645 Statt
1228 2619 1389 2644 nominatos
1413 2617 1489 2642 steht
1513 2624 1579 2649 sup
1589 2615 1867 2642 ranominatos,
1893 2629 1933 2633 —-

28 2688 31 2689 ν
66 2666 104 2704 ⁶9)
129 2669 205 2696 State
228 2670 358 2696 resistere
383 2671 459 2697 steht
482 2671 686 2698 obsistere.
713 2687 750 2690 —
779 2669 816 2706 ¹⁰)
844 2671 920 2697 Statt
944 2681 1028 2706 quam
1053 2680 1154 2705 penam
1180 2670 1256 2696 steht
1279 2677 1428 2702 easque.
1460 2683 1501 2686 —
1527 2664 1564 2700 ἶ1)
1590 2666 1666 2692 Statt.
1688 2675 1737 2691 seu
1762 2666 1837 2691 steht
1861 2666 1929 2691 vel.

1724 2758 1757 2783 ὃς)
