2336 3074
1057 220 1124 253 561

165 327 295 358 noverit
324 327 546 359 incurstnwim.
577 333 715 368 quarum
747 322 957 356 medietatem
988 324 1111 367 regalis
1136 327 1239 358 nostri
1267 327 1365 357 erarii
1393 327 1465 358 sive
1496 323 1576 366 fisci,
1607 324 1770 356 residuam
1794 335 1876 357 vero
1898 327 2022 368 partem

166 385 259 419 dictis
289 384 502 418 Olomucensi
533 387 690 430 episcopo
720 388 750 417 ct
781 384 924 417 ecclesie
953 395 1012 417 suc
1043 386 1193 429 injuriam
1215 396 1387 430 passorum
1410 384 1521 418 usibus
1543 384 1753 417 decernimus
1783 383 2023 429 applicandam.

165 445 284 479 Testes
313 445 408 479 huius
438 447 485 478 rei
521 449 614 478 sunt:
655 443 857 478 venerabilis
886 444 1032 478 Joanncs
1062 445 1334 491 archiepiscopus
1364 448 1538 490 pragensis
1568 445 1750 490 apostolice
1779 444 1867 477 sedis
1897 444 2025 487 legatus

166 509 320 551 princeps
349 505 567 539 cancellarius
597 509 627 538 et
648 504 868 538 consiliarius.
900 504 1107 538 Theodricus
1129 505 1355 539 Tarbatcnsis.
1385 505 1532 538 Joamics
1563 505 1836 538 Luthomisleusis
1866 506 2024 549 episcopi.

166 565 307 599 illustres
322 565 469 599 Jodocus
486 570 515 599 et
533 564 714 610 Procopius
732 564 852 598 fratres
870 565 1080 599 marchiones
1096 566 1249 600 Moravic
1265 569 1370 612 patrui
1388 569 1503 601 nostri.
1526 565 1735 598 l'rzimislaus
1752 564 2024 598 Theschinensis.

166 626 351 660 Bunczlaus
379 626 597 670 Leguiceusis
635 629 666 659 et
705 624 857 658 Przimko
888 624 1109 670 Oppavieusis
1149 626 1261 660 duces.
1301 626 1500 672 spectabiles
1530 626 1724 671 Rudolphus
1760 626 1801 658 de
1838 624 2026 670 llabspurh.

166 686 313 720 Joannes
350 686 558 731 lantgravius
596 684 914 729 Luthemhergensis
952 689 1102 720 comites.
1149 686 1276 721 nobiles
1313 687 1461 720 Joannes
1499 687 1539 720 de
1578 685 1799 721 Rosemberk.
1839 686 1947 730 Tymo
1986 685 2026 718 dc

167 746 315 789 Koldicz‚
346 746 462 780 Petrus
491 746 531 779 de
560 745 814 790 Wartemberg‚
844 744 1015 779 Johanncs
1045 746 1084 779 de
1106 747 1358 791 Wartemberg,
1388 747 1595 781 Beneschius
1625 747 1664 780 de
1686 746 1925 790 NVartembei-g·
1946 746 2026 778 alias

167 806 207 840 dc
235 806 401 843 WVessels.
432 805 624 840 Burkardus
653 806 693 839 de
722 806 908 841 Janowicz.
947 805 1154 840 Beneschius
1184 807 1224 840 dc
1253 807 1461 852 Krumpnow
1491 812 1521 840 et
1551 807 1603 840 alii
1634 818 1730 852 quam
1759 807 1870 852 plures
1900 806 2026 839 nobiles

167 870 270 901 nostri
307 866 433 901 fideles.
481 866 694 901 Presencium
729 866 788 900 sub
824 870 918 911 regie
947 871 1060 900 nostre
1090 869 1271 911 majestatis
1309 868 1415 912 sigillo
1455 870 1642 901 testimonio
1679 868 1858 901 literarum.
1908 867 2026 900 Datum

168 927 275 972 Prage
304 938 391 961 anno
427 927 549 961 domini
576 927 749 960 millesimo
788 929 1023 960 trecentesimo
1059 931 1288 972 octuagesimo
1325 928 1485 971 secundm
1524 928 1709 961 indiccione
1747 933 1875 973 quarta.
1915 931 2026 972 quinto

167 988 238 1022 idus
268 987 435 1025 Octobr1s„
465 998 645 1032 regnorum
675 991 864 1021 nostrorum
894 998 980 1020 anuo
1010 987 1147 1021 Boemie
1176 991 1349 1031 vicesimo,
1379 988 1605 1021 Romanorum
1635 1000 1718 1022 vero
1747 991 1899 1033 septimo.

475 1065 605 1100 (InserIrt
630 1066 657 1090 iu
682 1066 731 1091 der
755 1066 1102 1099 Bestattigungsurknnde
1133 1067 1182 1091 des
1206 1067 1242 1093 K.
1270 1067 1387 1091 XVenzel
1413 1067 1474 1093 IV..
1506 1067 1570 1092 ddo.
1603 1067 1651 1092 30.
1680 1067 1748 1091 duni
1783 1067 1872 1092 1396.
1899 1082 1937 1085 —
1963 1066 2026 1092 Via.

582 1128 608 1143 n.
634 1118 717 1152 272.)

1077 1263 1142 1299 Η.

178 1375 264 1410 Wolf
303 1387 364 1409 ron
404 1376 558 1409 Isratrsii·
594 1375 756 1420 'rerlfaust
793 1376 864 1410 dem
908 1375 1080 1409 Olme'ltz-er
1119 1376 1320 1409 Ii'anom'lms·
1361 1375 1514 1409 Il'z'lhelm
1556 1376 1790 1419 li'ortelauqen
1837 1378 1900 1410 {Ias
1938 1377 2036 1421 Dorf

308 1436 655 1470 Deutsck-Jassech
685 1438 752 1481 auf
775 1437 895 1470 (Iessea
926 1436 1139 1470 Leheusz-eit.
1172 1436 1228 1470 Dt.
1261 1436 1508 1479 Neutitscheiu,
1539 1437 1571 1470 2.
1607 1436 1757 1470 Olftober
1787 1436 1895 1471 1383.

326 1513 414 1566 Nos
454 1531 587 1566 Wokco
626 1532 666 1566 de
704 1531 846 1566 Crawar
883 1543 1057 1577 supremus
1094 1532 1197 1565 czude
1237 1532 1469 1566 Olomucensis
1507 1536 1712 1568 camerarius
1748 1538 1780 1567 et
1809 1534 1960 1568 dominus
1997 1537 2028 1567 in

170 1592 310 1638 Tyczyn
338 1604 398 1638 pro
428 1592 523 1626 nobis
550 1604 590 1626 ac
618 1591 780 1626 nobilibus
810 1592 952 1626 dominis
973 1592 1152 1625 Wockone.
1181 1597 1210 1625 et
1241 1592 1417 1626 Laczkone
1447 1592 1602 1627 fratribus
1631 1597 1801 1638 germanis
1829 1594 1869 1627 de
1890 1593 2031 1628 Crawar

170 1652 242 1686 siliis
280 1656 413 1696 nostris‚
453 1656 506 1698 qui
543 1652 651 1686 adhuc
688 1655 824 1686 minoris
854 1655 948 1686 etatis
978 1655 1135 1687 existunt.
1170 1663 1300 1686 necnon
1339 1652 1516 1686 heredibus
1555 1659 1584 1686 et
1622 1654 1874 1688 successorihus
1907 1658 2030 1688 nostris

171 1713 311 1747 dominis
345 1716 376 1746 in
406 1713 546 1759 Tyczvn
576 1712 831 1747 notumfacimus
871 1717 987 1746 tenore
1017 1716 1226 1758 presencium
1264 1716 1440 1747 universis.
1490 1713 1584 1754 Quod
1622 1717 1731 1748 auimo
1770 1714 1952 1749 deliberato
1990 1715 2030 1749 de

173 1779 263 1807 certa
293 1776 437 1807 sciencia
467 1778 499 1807 et
527 1776 709 1807 amicorum
739 1785 778 1807 ac
807 1773 949 1807 fidelium
980 1778 1167 1807 nostrorum
1200 1774 1337 1807 consilio
1367 1774 1549 1808 accedente
1578 1774 1764 1808 honorabili
1794 1778 1867 1809 viro
1897 1776 2030 1809 domino

172 1834 354 1868 Vt'ilhehno
370 1833 598 1878 Kortelangen
616 1833 830 1868 Olomucensi
850 1836 1013 1868 canonico
1034 1834 1143 1867 villam
1166 1838 1311 1868 nostram
1334 1834 1567 1868 hereditariam
1584 1835 1753 1881 Jessenyk
1775 1835 2029 1869 theutonicalem

171 1899 391 1940 nuncupatam
430 1895 596 1928 districtus
635 1899 666 1928 et
704 1894 839 1928 dominii
870 1894 1102 1940 Tyczynensis
1142 1905 1215 1927 cum
1247 1894 1360 1938 judice
1385 1895 1510 1938 judicio
1541 1899 1572 1928 et
1602 1896 1641 1928 ad
1670 1898 1776 1941 ipsum
1806 1896 2031 1941 spectantibus

172 1966 245 1989 cum
275 1955 427 1989 omnibus
455 1958 587 1989 rusticis
616 1955 746 1989 villanis
776 1955 963 1989 hominibus
993 1957 1127 1988 censitis
1157 1959 1188 1987 et
1214 1954 1253 1987 ad
1283 1954 1415 1999 glebam
1436 1958 1578 1989 astrictis
1599 1956 1755 2000 agricolis
1776 1956 2031 2001 agricultoribus

172 2016 287 2050 incolis
317 2015 592 2050 inhabitatoribus
613 2015 763 2049 domibus
784 2018 884 2049 curiis
905 2018 991 2049 areis
1013 2014 1168 2048 censibus
1189 2014 1369 2049 redditibus
1390 2015 1550 2049 fructibus
1571 2016 1787 2061 proventibus
1809 2016 2031 2050 usufructibus

172 2075 436 2110 obvencionibus
466 2075 698 2119 emohmentts,
728 2079 818 2120 agris
848 2076 942 2109 cultis
972 2080 1003 2109 ct
1032 2076 1160 2109 incultis
1191 2075 1401 2119 agriculturis
1430 2079 1561 2121 pascuis
1582 2077 1687 2121 planis
1708 2076 1872 2110 montibus
1892 2077 2032 2111 vallibus

173 2139 265 2182 aquis
295 2147 500 2182 aquarumve
529 2135 724 2170 decursibus
753 2136 869 2170 rivulis
898 2138 1072 2181 piscaturis
1103 2134 1384 2180 aucupacionibus
1413 2135 1538 2170 rubetis
1567 2137 1720 2181 virgultis
1750 2140 1829 2171 ortis
1859 2136 2032 2170 arborIbus

169 2196 298 2241 juribus
323 2195 615 2241 jurisdiccionibus
648 2199 742 2241 penis
780 2196 928 2230 emendis
966 2196 1195 2230 observanciis
1226 2195 1518 2230 consuetudinibus
1547 2196 1761 2230 honoranciis
1790 2202 1821 2231 et
1852 2197 2031 2230 honoribus

174 2269 212 2290 ac
250 2256 401 2290 omnibus
437 2261 469 2290 et
503 2256 642 2301 siugulis
679 2259 893 2302 pertinenciis
931 2261 961 2289 et
999 2258 1183 2289 attinenciis
1222 2258 1301 2297 suis,
1345 2260 1442 2301 prout
1485 2260 1516 2289 in
1562 2260 1657 2290 metis
1699 2261 1730 2290 et
1770 2260 1927 2302 greniciis
1966 2260 2032 2291 suis

175 2317 525 2351 circumferencialiter
567 2319 743 2362 antiquitus
785 2322 835 2351 est
876 2317 1039 2359 distincta7
1082 2326 1212 2349 necnon
1255 2327 1329 2349 cum
1377 2327 1469 2350 mero
1515 2321 1545 2350 et
1590 2321 1692 2350 mixto
1734 2321 1872 2363 imperio
1907 2318 2032 2361 judicio

170 2377 407 2422 jurisdiccione
436 2382 468 2411 et
496 2377 669 2423 temporali
698 2381 862 2422 potestate
891 2389 930 2410 ac
959 2377 1141 2410 collacione
1171 2376 1314 2409 ecclesie
1343 2377 1542 2422 parochialis
1572 2377 1704 2421 ibidem,
1743 2379 1816 2411 dmn
1849 2381 2031 2421 vacaverit,

175 2449 213 2471 ac
259 2437 410 2471 omnibus
456 2442 488 2471 et
533 2437 671 2482 singulis
718 2437 788 2471 aliis
835 2437 1082 2482 quibuscunque
1129 2435 1315 2470 nominibus
1362 2442 1416 2470 aut
1457 2437 1628 2472 vocabulis
1671 2439 1858 2484 specialiter
1900 2438 2031 2471 valeant

175 2498 355 2542 designa1·i‚
394 2497 494 2531 nichil
530 2501 660 2543 penitus
698 2498 848 2540 exclusQ
888 2501 982 2542 prout
1021 2508 1081 2529 nos
1120 2499 1180 2542 ipsi
1210 2497 1350 2530 eandem
1381 2501 1544 2532 tenuimus
1573 2498 1834 2543 gubernavimus
1864 2503 1896 2532 et
1924 2501 2033 2543 quiete

175 2558 382 2604 possedimus
428 2569 532 2603 usque
576 2558 686 2601 mod0‚
728 2559 818 2602 juste
865 2557 1071 2591 vendicionis
1117 2557 1206 2590 titulo
1253 2557 1409 2591 videlicet
1454 2569 1513 2603 pro
1560 2559 1709 2592 ducentis
1755 2562 1872 2603 viginti
1914 2562 2033 2592 marcis

176 2617 431 2651 moravicalibus
461 2629 656 2662 grossorum
686 2618 952 2653 bohemicaliuun
983 2628 1045 2661 que
1075 2616 1169 2650 nobis
1198 2628 1256 2662 pro
1286 2622 1379 2662 parte
1408 2618 1483 2651 dieti
1513 2618 1635 2651 domini
1663 2618 1834 2652 Wilhelmi
1865 2623 2033 2663 assignate

176 2682 348 2712 numerate
387 2682 416 2711 et
455 2678 561 2712 solute
597 2681 740 2712 existunt
779 2681 811 2711 in
848 2681 960 2723 parata
997 2680 1148 2721 pecunia.
1187 2678 1395 2712 vendidimus
1434 2683 1465 2711 ct
1498 2682 1756 2723 assignmiums,
1791 2680 1965 2713 vendimus
2003 2682 2032 2712 et

1831 2746 1860 2770 τι
