2336 3074
1244 200 1317 234 474

348 307 590 340 Wunderdortl'
623 317 754 339 miserm
796 305 881 338 libi-n
921 305 1084 339 erl'nnden
1124 305 1244 340 haben,
1284 318 1321 339 so
1358 305 1466 340 haben
1505 309 1568 341 wir
1598 318 1642 353 χιι
1681 306 1744 340 und
1780 310 1873 341 seme
1910 306 2013 341 crben
2053 318 2118 342 von
2155 307 2214 342 der

346 367 538 401 manseliatl't
569 367 627 400 des
658 366 762 399 lioll'es
801 377 840 399 zn
870 366 1042 412 Tamnyez
1072 366 1135 400 und
1175 377 1304 412 seynen
1343 366 1654 411 ezugeliorunglwn
1684 367 1884 413 empnnden,
1923 367 2113 414 empynden
2149 368 2212 402 und

344 428 474 465 {edu-ren
513 430 560 460 sie
590 427 700 460 «lovon
742 429 795 460 mit
835 426 929 460 lii-alli
971 427 1042 460 diez
1077 426 1223 461 brielles.
1280 426 1338 461 Mit
1368 427 1495 461 urtnnut
1526 427 1598 462 diez
1628 427 1762 462 briell'es
1791 428 1955 473 voi-sigelt
1985 431 2042 462 mit
2078 439 2211 463 unserm

343 488 588 525 anlmnfflnnlen
621 487 794 532 ingesigel.
828 486 943 521 Geben
974 498 1013 521 zu
1037 487 1220 521 Olomnnez
1250 487 1335 521 noeli
1367 488 1472 522 (li-ists
1491 487 1613 533 gelmrt
1643 488 1944 523 dreiezenlunnlert
1969 490 2044 534 jare
2065 489 2212 523 darnocli

345 560 387 594 yn
418 548 490 581 dem
522 560 621 581 newn
652 547 715 581 und
747 547 962 593 ailiezigsten
989 549 1063 592 jare
1093 560 1133 581 an
1163 552 1234 582 sant
1264 548 1428 582 ,lobannis
1458 548 1627 595 Baptisteu
1659 554 1724 594 [ag.

655 627 745 659 Uli-ig.
774 628 853 659 l'erg.
879 627 924 652 init
955 628 978 651 Ιι.
1003 633 1050 659 ¹:gut
1077 627 1251 652 vitiatum-:n
1277 628 1334 659 5⁴¹1*ss-
1361 628 1396 653 1111
1423 629 1510 653 11111111.
1537 629 1792 663 l„·111des:1rehix·e.)

1222 773 1328 809 559.

349 877 420 910 Der
451 877 596 921 I'farrer
627 889 688 910 1·οη
718 889 744 911 s.
786 876 928 911 Wenz-el
954 879 986 911 iu
1018 877 1200 919 Aldu-imre,
1232 878 1376 922 Blazelc,
1407 881 1541 922 enlsayl
1570 878 1671 912 altem
1704 880 1864 912 weiteren
1891 878 2099 913 Procedit-en
2131 878 2215 913 {lber

344 939 398 971 die
427 938 499 971 dem
522 938 712 971 I'atronate
733 938 792 971 des
815 938 974 972 masters
995 938 1238 972 Maria-San!
1257 939 1520 973 anterstelaende
1539 952 1566 973 s.
1590 939 1771 983 Prolwps-
1802 940 1870 973 und
1899 939 2214 986 Ulre'elas-Kapelle

707 1000 740 1031 2'11
770 998 954 1033 Altbrilme.
988 998 1045 1033 DI.
1076 999 1219 1033 Ii'losler
1249 999 1500 1044 Μανία-81101,
1530 1000 1590 1034 25.
1620 1000 1705 1034 Jum'
1739 1000 1847 1034 1389.

502 1074 547 1129 'n
577 1098 710 1129 nomine
740 1095 862 1128 domini
893 1106 1001 1128 amen.
1033 1095 1134 1129 Anno
1154 1098 1335 1130 nativitatis
1359 1096 1699 1131 eiusdemmillesimo
1725 1099 1962 1131 trecentesimo
1983 1099 2213 1142 octuagesimo

346 1167 445 1190 nono.
477 1156 662 1190 indiccione
701 1155 911 1199 duodecinni„
948 1160 1043 1189 sexta
1084 1156 1166 1190 l'eria
1204 1159 1357 1202 proxima
1395 1162 1469 1203 post
1504 1156 1622 1191 l'estmn
1658 1160 1763 1192 sancti
1792 1156 1954 1192 Johannis
1982 1156 2124 1204 baptiste
2162 1157 2214 1192 die

345 1216 441 1251 XXV
471 1219 594 1251 mensis
623 1216 722 1250 Junii.
753 1216 835 1250 liora
865 1227 1086 1262 vesperorum
1116 1217 1170 1251 vel
1200 1220 1306 1263 quasi,
1345 1217 1554 1263 pontificatus
1591 1221 1792 1253 sanctissimi
1821 1221 1852 1252 in
1883 1217 2015 1253 Christo
2051 1221 2154 1265 patris
2183 1223 2215 1253 et

343 1278 465 1311 domini
495 1280 599 1312 nostri
630 1278 752 1311 domini
782 1277 907 1312 Urbani
947 1278 1057 1311 divina
1087 1278 1306 1324 providencia
1345 1290 1429 1324 pape
1458 1281 1544 1313 sexti
1573 1290 1660 1312 anno
1699 1279 1909 1322 duodecimo,
1948 1281 1980 1312 in
2010 1281 2213 1314 monasterio

343 1338 431 1373 Aule
460 1342 575 1372 sancte
604 1338 710 1372 Mai-ie
739 1341 770 1372 in
801 1338 947 1384 Antiqua
977 1338 1101 1382 Bruna,
1132 1338 1367 1374 Cisterciensis
1394 1340 1532 1384 ordinis‚
1563 1339 1796 1374 Olonmcensis
1826 1339 1996 1386 dyocesis,
2025 1343 2057 1374 in
2087 1340 2214 1386 capella

343 1399 491 1434 eiusdem
523 1402 717 1433 monasterii
757 1402 845 1433 eirca
884 1401 1051 1445 antiquam
1088 1399 1266 1434 ecclesiam
1306 1403 1337 1434 in
1376 1403 1441 1435 mei
1478 1403 1597 1434 notarii
1627 1399 1747 1446 publici
1776 1400 1978 1447 infrascripti
2015 1404 2214 1446 testiumque

343 1463 519 1507 presencia
549 1459 812 1506 subscriptorum
842 1460 882 1493 ad
913 1460 976 1494 1100
1006 1460 1197 1506 specialiter
1225 1466 1422 1495 vocatorum
1462 1466 1494 1495 et
1523 1465 1730 1506 rogatorum,
1767 1464 1964 1496 constitutus
1993 1449 2215 1507 personaliter

342 1521 506 1554 discretus
545 1523 598 1555 vir
633 1521 784 1554 dominus
815 1520 938 1555 Blasko
978 1520 1139 1567 plebanus
1180 1522 1325 1556 ecclesie
1362 1524 1467 1557 sancti
1496 1522 1692 1557 Wenceslai
1731 1525 1762 1556 in
1795 1521 1942 1568 Antiqua
1978 1521 2091 1556 Bruna
2128 1522 2214 1556 dicte

343 1581 576 1615 Olomueensis
596 1581 754 1627 dyocesis
783 1592 896 1615 coram
918 1582 1086 1627 religiosis
1116 1583 1354 1618 domicellabus
1374 1583 1473 1618 Anna
1495 1583 1675 1627 abbatissa,
1705 1583 1850 1617 Berclita
1879 1586 2013 1629 antiqua
2033 1583 2212 1627 abbatissa⁷

342 1641 501 1687 Agnethe
530 1644 675 1675 custrice
704 1646 736 1675 et
764 1641 862 1676 Mana
901 1642 1065 1676 celeraria
1104 1647 1296 1678 monasterii
1335 1644 1527 1691 supradicti,
1565 1656 1631 1679 non
1669 1645 1860 1690 compulsus
1889 1656 1952 1678 nec
1981 1649 2117 1679 coactus
2154 1643 2213 1679 sed

344 1701 430 1736 bona
461 1707 491 1736 et
520 1702 624 1736 libera
654 1703 826 1737 voluntate
856 1706 956 1737 cessit
985 1706 1121 1739 omnino
1158 1704 1216 1746 liti,
1255 1707 1432 1750 questioni,
1462 1707 1605 1749 accioni‚
1643 1707 1877 1740 controversie
1906 1709 1939 1739 et
1967 1716 2080 1749 cause,
2115 1715 2212 1750 quam

343 1763 437 1797 dietis
467 1763 705 1798 domicellabus
735 1763 903 1798 abbatisse
932 1769 964 1799 et
992 1768 1173 1799 conventui
1202 1765 1243 1799 de
1272 1770 1305 1799 et
1333 1777 1434 1812 super
1462 1766 1589 1812 capella
1619 1771 1810 1801 sanctoruni
1832 1765 1987 1812 Procopii
2015 1770 2048 1800 et
2066 1765 2213 1800 Udalrici

342 1826 404 1858 sita
441 1826 471 1857 in
501 1824 646 1869 Antiqua
676 1824 788 1858 Bruna
818 1836 931 1859 coram
960 1825 1146 1860 venerabili
1183 1829 1258 1861 viro
1287 1827 1421 1861 domino
1453 1854 1459 1861 .
1491 1854 1497 1861 .
1529 1826 1648 1861 abbate
1677 1829 1871 1862 monasterii
1907 1829 2013 1862 sancti
2042 1825 2213 1861 Ambrosii

342 1887 374 1918 in
402 1884 500 1918 Nova
529 1887 665 1919 civitate
693 1884 856 1930 Pragensi
884 1897 945 1932 per
965 1889 1234 1921 commissionem
1264 1892 1430 1931 moverat,
1461 1887 1576 1922 dicens
1597 1899 1781 1934 expresse:
1815 1891 2006 1933 „competat
2034 1886 2133 1921 michi
2158 1888 2213 1932 jus

342 1945 397 1979 vel
426 1956 491 1978 non
521 1949 688 1990 competat
717 1945 846 1991 capelle
875 1947 1076 1992 supradicte,
1108 1952 1218 1981 tamen
1248 1959 1313 1993 ego
1343 1959 1477 1982 exnunc
1497 1949 1581 1983 cedo
1610 1948 1657 1982 liti
1686 1947 1888 1993 hujUsmodi,
1917 1951 1992 1994 quia
2022 1947 2121 1982 michi
2146 1958 2213 1982 non

341 2008 488 2051 conpetit
517 2016 591 2039 cum
622 2017 695 2039 mea
725 2017 893 2051 generosa
923 2007 1054 2041 domina
1085 2012 1116 2041 et
1145 2020 1219 2042 eum
1250 2013 1420 2043 conventu
1447 2008 1604 2054 litigare«
1636 2030 1684 2033 „-
1713 2013 1831 2055 petens
1859 2008 2094 2043 nichilominus
2127 2019 2212 2054 pre-

340 2069 483 2112 scriptas
513 2066 718 2110 domiceltas„
748 2071 782 2100 ut
810 2067 871 2101 sibi
902 2068 1120 2113 dignarentur
1149 2068 1353 2104 favorabiles
1383 2081 1459 2104 esse
1489 2074 1520 2104 et
1550 2081 1731 2115 generose.
1780 2069 1853 2111 Que
1882 2069 2014 2115 quidem
2045 2068 2212 2104 abbatissa

342 2132 374 2161 et
413 2132 527 2161 cetere
578 2130 730 2172 virgines
768 2127 888 2161 ibidem
938 2133 1112 2174 presentes
1150 2132 1387 2175 promiserunt,
1424 2133 1530 2177 ipsum
1569 2131 1736 2165 dominum
1775 2129 1989 2174 Blaskonem„
2032 2133 2059 2164 si
2097 2134 2215 2176 queret

341 2187 481 2222 defectis
510 2190 578 2222 suis
608 2192 638 2221 et
669 2199 750 2233 erga
780 2190 869 2234 ipsas
898 2189 1039 2223 voluerit
1064 2193 1264 2235 promereri,
1292 2201 1462 2235 generose
1491 2193 1663 2237 respicere
1692 2195 1724 2224 et
1753 2190 1807 2224 ubi
1836 2195 1972 2236 possent
2000 2202 2061 2237 pre
2090 2192 2211 2225 ceteris

341 2248 572 2282 favorabiliter
600 2260 815 2295 promovere.
846 2249 897 2283 De
918 2249 1035 2296 quibus
1065 2249 1217 2284 omnibus
1247 2255 1278 2284 et
1308 2251 1446 2296 singulis
1475 2256 1539 2285 tam
1566 2251 1695 2297 prefate
1725 2251 1899 2285 domicelle
1929 2262 2027 2296 quam
2059 2251 2210 2285 dominus

340 2308 463 2342 Blasko
493 2309 702 2355 supradictus
730 2313 905 2356 pecierunt
933 2310 995 2345 sibi
1023 2322 1083 2357 per
1112 2322 1164 2344 me
1193 2314 1356 2345 notarimn
1386 2311 1552 2357 publicum
1592 2312 1838 2358 infrascriptum
1869 2311 1988 2346 confici
2018 2322 2117 2345 unum
2155 2311 2210 2346 vel

340 2369 433 2415 plura
463 2369 629 2415 publicum
658 2373 912 2405 instrumentum
942 2383 1001 2405 seu
1030 2371 1160 2418 publica
1190 2375 1419 2406 instrumenta.
1467 2373 1555 2406 Acta
1584 2377 1660 2406 sunt
1687 2372 1751 2406 hec
1780 2383 1879 2416 ann0‚
1909 2372 2108 2416 indiccione5
2143 2372 2208 2415 die,

340 2441 468 2474 mense,
498 2430 593 2475 hora,
622 2431 833 2477 pontificatus
863 2437 893 2466 et
923 2432 998 2467 loco
1028 2432 1144 2478 quibus
1182 2443 1293 2478 supra.
1351 2431 1565 2467 Presentibus
1594 2432 1845 2467 honorabilibus
1874 2437 1907 2466 et
1936 2433 2088 2467 discretis
2127 2435 2209 2467 viris

340 2489 481 2524 dominis
510 2491 738 2526 XVenczeslao
784 2495 911 2527 vicario
948 2493 1092 2527 ecclesie
1131 2496 1236 2528 sancti
1265 2493 1481 2528 WVenczeslai
1525 2496 1556 2527 in
1594 2492 1718 2537 B1·una‚
1756 2493 1910 2527 Jolianne
1952 2496 2057 2527 sancti
2095 2492 2213 2527 ι11100111

339 2549 458 2584 ibidem
498 2556 529 2585 et
558 2552 698 2587 Nicolao
736 2556 768 2588 in
797 2553 980 2588 Moravans
1019 2554 1237 2588 ecclesiarum
1268 2553 1430 2600 plebanis,
1461 2553 1651 2588 Theodrico
1682 2554 1722 2588 de
1751 2553 1922 2599 Cragovia
1951 2557 1984 2587 et
2012 2552 2136 2587 Mathia
2170 2553 2210 2587 de

340 2610 509 2656 Lemberg
537 2613 733 2658 presbiteris
764 2614 996 2649 Olomucensis
1027 2620 1059 2649 et
1078 2615 1370 2650 Wratislaviensis
1400 2615 1557 2661 dyocesis
1587 2619 1619 2649 et
1648 2615 1719 2650 aliis
1749 2614 1897 2661 pluribus
1926 2617 2016 2649 eirca
2045 2616 2209 2661 premissa

342 2670 531 2717 fidedignis.
