<?xml version="1.0" encoding="UTF-8"?>
<!DOCTYPE html PUBLIC "-//W3C//DTD XHTML 1.0 Transitional//EN"
    "http://www.w3.org/TR/xhtml1/DTD/xhtml1-transitional.dtd">
<html xmlns="http://www.w3.org/1999/xhtml" xml:lang="en" lang="en">
 <head>
  <title>
</title>
<meta http-equiv="Content-Type" content="text/html;charset=utf-8" />
  <meta name='ocr-system' content='tesseract 3.04.00' />
  <meta name='ocr-capabilities' content='ocr_page ocr_carea ocr_par ocr_line ocrx_word'/>
</head>
<body>
  <div class='ocr_page' id='page_1' title='image "./codexdiplomaticu11morauoft_0525.png"; bbox 0 0 2336 3074; ppageno 0'>
   <div class='ocr_carea' id='block_1_1' title="bbox 1028 185 1096 219">
    <p class='ocr_par' dir='ltr' id='par_1_1' title="bbox 1028 185 1096 219">
     <span class='ocr_line' id='line_1_1' title="bbox 1028 185 1096 219; baseline 0 -1"><span class='ocrx_word' id='word_1_1' title='bbox 1028 185 1096 219; x_wconf 83' lang='lat'>501</span> 
     </span>
    </p>
   </div>
   <div class='ocr_carea' id='block_1_2' title="bbox 961 236 1167 240">
    <p class='ocr_par' dir='ltr' id='par_1_2' title="bbox 961 236 1167 240">
     <span class='ocr_line' id='line_1_2' title="bbox 961 236 1167 240; baseline 0 0"><span class='ocrx_word' id='word_1_2' title='bbox 961 236 1167 240; x_wconf 95' lang='lat' dir='ltr'> </span> 
     </span>
    </p>
   </div>
   <div class='ocr_carea' id='block_1_3' title="bbox 128 285 1995 2635">
    <p class='ocr_par' dir='ltr' id='par_1_3' title="bbox 128 285 1995 2635">
     <span class='ocr_line' id='line_1_3' title="bbox 134 285 1992 337; baseline 0.002 -17"><span class='ocrx_word' id='word_1_3' title='bbox 134 287 324 330; x_wconf 68' lang='lat' dir='ltr'>reddantur,</span> <span class='ocrx_word' id='word_1_4' title='bbox 364 297 428 331; x_wconf 93' lang='lat' dir='ltr'>quo</span> <span class='ocrx_word' id='word_1_5' title='bbox 466 297 503 320; x_wconf 89' lang='lat' dir='ltr'>se</span> <span class='ocrx_word' id='word_1_6' title='bbox 541 287 659 331; x_wconf 87' lang='lat' dir='ltr'>majori</span> <span class='ocrx_word' id='word_1_7' title='bbox 693 285 810 320; x_wconf 75' lang='lat' dir='ltr'>favore</span> <span class='ocrx_word' id='word_1_8' title='bbox 848 292 879 321; x_wconf 91' lang='lat' dir='ltr'>et</span> <span class='ocrx_word' id='word_1_9' title='bbox 916 291 1031 333; x_wconf 82' lang='lat' dir='ltr'>gracia</span> <span class='ocrx_word' id='word_1_10' title='bbox 1069 293 1219 324; x_wconf 90' lang='lat' dir='ltr'>senciant</span> <span class='ocrx_word' id='word_1_11' title='bbox 1256 295 1465 337; x_wconf 68' lang='lat' dir='ltr'>prosecutos,</span> <span class='ocrx_word' id='word_1_12' title='bbox 1503 291 1629 325; x_wconf 87' lang='lat' dir='ltr'>eisdem</span> <span class='ocrx_word' id='word_1_13' title='bbox 1667 293 1828 336; x_wconf 84' lang='lat' dir='ltr'>magistro</span> <span class='ocrx_word' id='word_1_14' title='bbox 1872 293 1992 324; x_wconf 88' lang='lat' dir='ltr'>civium</span> 
     </span>
     <span class='ocr_line' id='line_1_4' title="bbox 128 346 1992 397; baseline 0.002 -16"><span class='ocrx_word' id='word_1_15' title='bbox 128 346 231 391; x_wconf 86' lang='lat' dir='ltr'>judici</span> <span class='ocrx_word' id='word_1_16' title='bbox 269 346 461 381; x_wconf 87' lang='lat' dir='ltr'>consulibus</span> <span class='ocrx_word' id='word_1_17' title='bbox 494 348 613 391; x_wconf 90' lang='lat' dir='ltr'>juratis</span> <span class='ocrx_word' id='word_1_18' title='bbox 649 351 875 382; x_wconf 77' lang='lat' dir='ltr'>communitati</span> <span class='ocrx_word' id='word_1_19' title='bbox 908 354 939 383; x_wconf 89' lang='lat' dir='ltr'>et</span> <span class='ocrx_word' id='word_1_20' title='bbox 977 350 1115 395; x_wconf 83' lang='lat' dir='ltr'>singulis</span> <span class='ocrx_word' id='word_1_21' title='bbox 1145 350 1273 385; x_wconf 81' lang='lat' dir='ltr'>civibus</span> <span class='ocrx_word' id='word_1_22' title='bbox 1302 351 1420 385; x_wconf 92' lang='lat' dir='ltr'>domus</span> <span class='ocrx_word' id='word_1_23' title='bbox 1449 363 1546 385; x_wconf 87' lang='lat' dir='ltr'>areas</span> <span class='ocrx_word' id='word_1_24' title='bbox 1575 351 1738 386; x_wconf 90' lang='lat' dir='ltr'>domicilia</span> <span class='ocrx_word' id='word_1_25' title='bbox 1768 354 1901 397; x_wconf 86' lang='lat' dir='ltr'>propria</span> <span class='ocrx_word' id='word_1_26' title='bbox 1940 356 1992 385; x_wconf 92' lang='lat' dir='ltr'>aut</span> 
     </span>
     <span class='ocr_line' id='line_1_5' title="bbox 133 406 1994 457; baseline 0.003 -16"><span class='ocrx_word' id='word_1_27' title='bbox 133 410 366 453; x_wconf 90' lang='lat' dir='ltr'>possessiones</span> <span class='ocrx_word' id='word_1_28' title='bbox 395 407 473 441; x_wconf 92' lang='lat' dir='ltr'>inibi</span> <span class='ocrx_word' id='word_1_29' title='bbox 493 406 689 441; x_wconf 69' lang='lat' dir='ltr'>habentibus</span> <span class='ocrx_word' id='word_1_30' title='bbox 710 407 879 442; x_wconf 82' lang='lat' dir='ltr'>dumtaxat</span> <span class='ocrx_word' id='word_1_31' title='bbox 900 420 1083 456; x_wconf 89' lang='lat' dir='ltr'>eorumque</span> <span class='ocrx_word' id='word_1_32' title='bbox 1103 415 1246 457; x_wconf 80' lang='lat' dir='ltr'>posteris</span> <span class='ocrx_word' id='word_1_33' title='bbox 1274 415 1306 446; x_wconf 90' lang='lat' dir='ltr'>in</span> <span class='ocrx_word' id='word_1_34' title='bbox 1327 411 1512 446; x_wconf 88' lang='lat' dir='ltr'>Czwitavia</span> <span class='ocrx_word' id='word_1_35' title='bbox 1533 413 1697 446; x_wconf 84' lang='lat' dir='ltr'>antedicta</span> <span class='ocrx_word' id='word_1_36' title='bbox 1726 417 1839 446; x_wconf 88' lang='lat' dir='ltr'>nostra</span> <span class='ocrx_word' id='word_1_37' title='bbox 1860 415 1994 446; x_wconf 90' lang='lat' dir='ltr'>civitate</span> 
     </span>
     <span class='ocr_line' id='line_1_6' title="bbox 133 468 1992 517; baseline 0.003 -15"><span class='ocrx_word' id='word_1_38' title='bbox 133 471 362 503; x_wconf 80' lang='lat' dir='ltr'>concessimus</span> <span class='ocrx_word' id='word_1_39' title='bbox 404 473 437 502; x_wconf 87' lang='lat' dir='ltr'>et</span> <span class='ocrx_word' id='word_1_40' title='bbox 478 468 688 510; x_wconf 74' lang='lat' dir='ltr'>donavimus,</span> <span class='ocrx_word' id='word_1_41' title='bbox 736 472 851 503; x_wconf 84' lang='lat' dir='ltr'>tenore</span> <span class='ocrx_word' id='word_1_42' title='bbox 893 475 1104 516; x_wconf 89' lang='lat' dir='ltr'>presencium</span> <span class='ocrx_word' id='word_1_43' title='bbox 1141 476 1298 517; x_wconf 82' lang='lat' dir='ltr'>graciose</span> <span class='ocrx_word' id='word_1_44' title='bbox 1340 473 1554 507; x_wconf 82' lang='lat' dir='ltr'>concedimus</span> <span class='ocrx_word' id='word_1_45' title='bbox 1592 473 1707 507; x_wconf 89' lang='lat' dir='ltr'>damus</span> <span class='ocrx_word' id='word_1_46' title='bbox 1744 472 1926 507; x_wconf 85' lang='lat' dir='ltr'>liberaliter</span> <span class='ocrx_word' id='word_1_47' title='bbox 1963 477 1992 506; x_wconf 89' lang='lat' dir='ltr'>et</span> 
     </span>
     <span class='ocr_line' id='line_1_7' title="bbox 133 528 1994 580; baseline 0.002 -17"><span class='ocrx_word' id='word_1_48' title='bbox 133 529 295 563; x_wconf 85' lang='lat' dir='ltr'>donamus</span> <span class='ocrx_word' id='word_1_49' title='bbox 323 528 461 563; x_wconf 83' lang='lat' dir='ltr'>liberam</span> <span class='ocrx_word' id='word_1_50' title='bbox 491 533 688 575; x_wconf 87' lang='lat' dir='ltr'>potestatem</span> <span class='ocrx_word' id='word_1_51' title='bbox 718 540 850 563; x_wconf 85' lang='lat' dir='ltr'>exnunc</span> <span class='ocrx_word' id='word_1_52' title='bbox 880 533 911 564; x_wconf 91' lang='lat' dir='ltr'>in</span> <span class='ocrx_word' id='word_1_53' title='bbox 941 536 1036 565; x_wconf 89' lang='lat' dir='ltr'>antea</span> <span class='ocrx_word' id='word_1_54' title='bbox 1075 536 1107 566; x_wconf 91' lang='lat' dir='ltr'>et</span> <span class='ocrx_word' id='word_1_55' title='bbox 1140 536 1171 566; x_wconf 90' lang='lat' dir='ltr'>in</span> <span class='ocrx_word' id='word_1_56' title='bbox 1200 538 1409 580; x_wconf 75' lang='lat' dir='ltr'>perpetuum,</span> <span class='ocrx_word' id='word_1_57' title='bbox 1447 538 1481 567; x_wconf 87' lang='lat' dir='ltr'>ut</span> <span class='ocrx_word' id='word_1_58' title='bbox 1508 536 1586 579; x_wconf 90' lang='lat' dir='ltr'>ipsis</span> <span class='ocrx_word' id='word_1_59' title='bbox 1616 533 1756 577; x_wconf 77' lang='lat' dir='ltr'>civibus,</span> <span class='ocrx_word' id='word_1_60' title='bbox 1797 536 1851 579; x_wconf 91' lang='lat' dir='ltr'>qui</span> <span class='ocrx_word' id='word_1_61' title='bbox 1880 538 1994 567; x_wconf 85' lang='lat' dir='ltr'>carent</span> 
     </span>
     <span class='ocr_line' id='line_1_8' title="bbox 135 589 1993 638; baseline 0.003 -15"><span class='ocrx_word' id='word_1_62' title='bbox 135 589 206 624; x_wconf 90' lang='lat' dir='ltr'>filiis</span> <span class='ocrx_word' id='word_1_63' title='bbox 236 595 268 623; x_wconf 89' lang='lat' dir='ltr'>et</span> <span class='ocrx_word' id='word_1_64' title='bbox 296 589 436 633; x_wconf 56' lang='lat' dir='ltr'>filiabus,</span> <span class='ocrx_word' id='word_1_65' title='bbox 474 592 729 635; x_wconf 79' lang='lat' dir='ltr'>propinquiores</span> <span class='ocrx_word' id='word_1_66' title='bbox 759 601 873 624; x_wconf 91' lang='lat' dir='ltr'>eorum</span> <span class='ocrx_word' id='word_1_67' title='bbox 903 595 999 626; x_wconf 82' lang='lat' dir='ltr'>amici</span> <span class='ocrx_word' id='word_1_68' title='bbox 1028 597 1102 638; x_wconf 93' lang='lat' dir='ltr'>post</span> <span class='ocrx_word' id='word_1_69' title='bbox 1131 598 1270 627; x_wconf 88' lang='lat' dir='ltr'>mortem</span> <span class='ocrx_word' id='word_1_70' title='bbox 1300 605 1428 637; x_wconf 64' lang='lat' dir='ltr'>eorum,</span> <span class='ocrx_word' id='word_1_71' title='bbox 1468 597 1573 628; x_wconf 88' lang='lat' dir='ltr'>eciam</span> <span class='ocrx_word' id='word_1_72' title='bbox 1612 597 1638 628; x_wconf 91' lang='lat' dir='ltr'>si</span> <span class='ocrx_word' id='word_1_73' title='bbox 1673 599 1769 628; x_wconf 89' lang='lat' dir='ltr'>antea</span> <span class='ocrx_word' id='word_1_74' title='bbox 1799 594 1839 628; x_wconf 90' lang='lat' dir='ltr'>ab</span> <span class='ocrx_word' id='word_1_75' title='bbox 1869 594 1993 628; x_wconf 90' lang='lat' dir='ltr'>eisdem</span> 
     </span>
     <span class='ocr_line' id='line_1_9' title="bbox 134 649 1994 700; baseline 0.002 -16"><span class='ocrx_word' id='word_1_76' title='bbox 134 655 247 685; x_wconf 83' lang='lat' dir='ltr'>essent</span> <span class='ocrx_word' id='word_1_77' title='bbox 277 650 386 694; x_wconf 78' lang='lat' dir='ltr'>divisi,</span> <span class='ocrx_word' id='word_1_78' title='bbox 416 653 448 684; x_wconf 91' lang='lat' dir='ltr'>in</span> <span class='ocrx_word' id='word_1_79' title='bbox 476 652 544 685; x_wconf 90' lang='lat' dir='ltr'>suis</span> <span class='ocrx_word' id='word_1_80' title='bbox 573 649 842 696; x_wconf 86' lang='lat' dir='ltr'>possessionibus</span> <span class='ocrx_word' id='word_1_81' title='bbox 871 650 1109 687; x_wconf 80' lang='lat' dir='ltr'>hereditatibus</span> <span class='ocrx_word' id='word_1_82' title='bbox 1138 653 1233 688; x_wconf 89' lang='lat' dir='ltr'>bonis</span> <span class='ocrx_word' id='word_1_83' title='bbox 1263 659 1294 688; x_wconf 88' lang='lat' dir='ltr'>et</span> <span class='ocrx_word' id='word_1_84' title='bbox 1316 654 1416 688; x_wconf 91' lang='lat' dir='ltr'>rebus</span> <span class='ocrx_word' id='word_1_85' title='bbox 1436 665 1496 700; x_wconf 86' lang='lat' dir='ltr'>per</span> <span class='ocrx_word' id='word_1_86' title='bbox 1516 657 1605 700; x_wconf 89' lang='lat' dir='ltr'>ipsos</span> <span class='ocrx_word' id='word_1_87' title='bbox 1626 654 1793 688; x_wconf 88' lang='lat' dir='ltr'>derelictis</span> <span class='ocrx_word' id='word_1_88' title='bbox 1809 654 1994 689; x_wconf 82' lang='lat' dir='ltr'>succedere</span> 
     </span>
     <span class='ocr_line' id='line_1_10' title="bbox 136 711 1993 760; baseline 0.002 -15"><span class='ocrx_word' id='word_1_89' title='bbox 136 714 264 757; x_wconf 85' lang='lat' dir='ltr'>possint</span> <span class='ocrx_word' id='word_1_90' title='bbox 293 715 325 745; x_wconf 87' lang='lat' dir='ltr'>et</span> <span class='ocrx_word' id='word_1_91' title='bbox 353 711 498 753; x_wconf 67' lang='lat' dir='ltr'>valeant,</span> <span class='ocrx_word' id='word_1_92' title='bbox 533 722 572 744; x_wconf 91' lang='lat' dir='ltr'>ac</span> <span class='ocrx_word' id='word_1_93' title='bbox 600 713 747 756; x_wconf 88' lang='lat' dir='ltr'>ipsorum</span> <span class='ocrx_word' id='word_1_94' title='bbox 776 715 1008 757; x_wconf 86' lang='lat' dir='ltr'>possessiones</span> <span class='ocrx_word' id='word_1_95' title='bbox 1037 713 1240 748; x_wconf 86' lang='lat' dir='ltr'>hereditates</span> <span class='ocrx_word' id='word_1_96' title='bbox 1267 713 1354 749; x_wconf 85' lang='lat' dir='ltr'>bona</span> <span class='ocrx_word' id='word_1_97' title='bbox 1384 719 1415 748; x_wconf 88' lang='lat' dir='ltr'>et</span> <span class='ocrx_word' id='word_1_98' title='bbox 1443 726 1498 749; x_wconf 88' lang='lat' dir='ltr'>res</span> <span class='ocrx_word' id='word_1_99' title='bbox 1527 717 1575 748; x_wconf 92' lang='lat' dir='ltr'>sic</span> <span class='ocrx_word' id='word_1_100' title='bbox 1602 719 1677 760; x_wconf 90' lang='lat' dir='ltr'>post</span> <span class='ocrx_word' id='word_1_101' title='bbox 1706 726 1822 748; x_wconf 90' lang='lat' dir='ltr'>eorum</span> <span class='ocrx_word' id='word_1_102' title='bbox 1854 719 1993 748; x_wconf 89' lang='lat' dir='ltr'>mortem</span> 
     </span>
     <span class='ocr_line' id='line_1_11' title="bbox 134 771 1994 821; baseline 0.001 -15"><span class='ocrx_word' id='word_1_103' title='bbox 134 772 267 806; x_wconf 87' lang='lat' dir='ltr'>relictas</span> <span class='ocrx_word' id='word_1_104' title='bbox 300 771 404 806; x_wconf 88' lang='lat' dir='ltr'>libere</span> <span class='ocrx_word' id='word_1_105' title='bbox 442 771 534 806; x_wconf 87' lang='lat' dir='ltr'>adire</span> <span class='ocrx_word' id='word_1_106' title='bbox 571 774 725 817; x_wconf 88' lang='lat' dir='ltr'>recipere</span> <span class='ocrx_word' id='word_1_107' title='bbox 761 775 876 806; x_wconf 86' lang='lat' dir='ltr'>tenere</span> <span class='ocrx_word' id='word_1_108' title='bbox 914 778 946 806; x_wconf 86' lang='lat' dir='ltr'>et</span> <span class='ocrx_word' id='word_1_109' title='bbox 978 774 1152 819; x_wconf 89' lang='lat' dir='ltr'>possidere</span> <span class='ocrx_word' id='word_1_110' title='bbox 1188 778 1260 809; x_wconf 90' lang='lat' dir='ltr'>sine</span> <span class='ocrx_word' id='word_1_111' title='bbox 1298 778 1387 809; x_wconf 90' lang='lat' dir='ltr'>omni</span> <span class='ocrx_word' id='word_1_112' title='bbox 1424 775 1661 821; x_wconf 84' lang='lat' dir='ltr'>impedimento</span> <span class='ocrx_word' id='word_1_113' title='bbox 1700 780 1732 809; x_wconf 91' lang='lat' dir='ltr'>et</span> <span class='ocrx_word' id='word_1_114' title='bbox 1769 775 1994 821; x_wconf 88' lang='lat' dir='ltr'>inquietudine</span> 
     </span>
     <span class='ocr_line' id='line_1_12' title="bbox 136 832 1994 881; baseline 0.002 -15"><span class='ocrx_word' id='word_1_115' title='bbox 136 835 258 867; x_wconf 86' lang='lat' dir='ltr'>nostris</span> <span class='ocrx_word' id='word_1_116' title='bbox 288 837 320 866; x_wconf 93' lang='lat' dir='ltr'>et</span> <span class='ocrx_word' id='word_1_117' title='bbox 347 837 538 867; x_wconf 88' lang='lat' dir='ltr'>nostrorum</span> <span class='ocrx_word' id='word_1_118' title='bbox 567 842 801 866; x_wconf 91' lang='lat' dir='ltr'>successorum</span> <span class='ocrx_word' id='word_1_119' title='bbox 832 844 871 866; x_wconf 88' lang='lat' dir='ltr'>ac</span> <span class='ocrx_word' id='word_1_120' title='bbox 900 832 1120 868; x_wconf 83' lang='lat' dir='ltr'>officiatorum</span> <span class='ocrx_word' id='word_1_121' title='bbox 1150 835 1353 881; x_wconf 84' lang='lat' dir='ltr'>temporibus</span> <span class='ocrx_word' id='word_1_122' title='bbox 1382 835 1542 870; x_wconf 79' lang='lat' dir='ltr'>affuturis.</span> <span class='ocrx_word' id='word_1_123' title='bbox 1572 836 1618 869; x_wconf 87' lang='lat' dir='ltr'>Ita</span> <span class='ocrx_word' id='word_1_124' title='bbox 1649 840 1770 879; x_wconf 74' lang='lat' dir='ltr'>tamen,</span> <span class='ocrx_word' id='word_1_125' title='bbox 1800 836 1886 881; x_wconf 90' lang='lat' dir='ltr'>quod</span> <span class='ocrx_word' id='word_1_126' title='bbox 1913 836 1994 870; x_wconf 90' lang='lat' dir='ltr'>tales</span> 
     </span>
     <span class='ocr_line' id='line_1_13' title="bbox 136 893 1993 940; baseline 0.002 -13"><span class='ocrx_word' id='word_1_127' title='bbox 136 893 280 928; x_wconf 86' lang='lat' dir='ltr'>heredes</span> <span class='ocrx_word' id='word_1_128' title='bbox 310 897 342 927; x_wconf 89' lang='lat' dir='ltr'>et</span> <span class='ocrx_word' id='word_1_129' title='bbox 361 895 458 927; x_wconf 89' lang='lat' dir='ltr'>amici</span> <span class='ocrx_word' id='word_1_130' title='bbox 477 895 746 939; x_wconf 74' lang='lat' dir='ltr'>propinquiores,</span> <span class='ocrx_word' id='word_1_131' title='bbox 776 896 829 938; x_wconf 90' lang='lat' dir='ltr'>qui</span> <span class='ocrx_word' id='word_1_132' title='bbox 850 897 1083 940; x_wconf 87' lang='lat' dir='ltr'>possessiones</span> <span class='ocrx_word' id='word_1_133' title='bbox 1104 895 1306 930; x_wconf 89' lang='lat' dir='ltr'>hereditates</span> <span class='ocrx_word' id='word_1_134' title='bbox 1327 895 1412 929; x_wconf 88' lang='lat' dir='ltr'>bona</span> <span class='ocrx_word' id='word_1_135' title='bbox 1433 900 1466 930; x_wconf 87' lang='lat' dir='ltr'>et</span> <span class='ocrx_word' id='word_1_136' title='bbox 1486 907 1540 931; x_wconf 91' lang='lat' dir='ltr'>res</span> <span class='ocrx_word' id='word_1_137' title='bbox 1561 899 1609 930; x_wconf 90' lang='lat' dir='ltr'>sic</span> <span class='ocrx_word' id='word_1_138' title='bbox 1628 897 1761 931; x_wconf 86' lang='lat' dir='ltr'>relictas</span> <span class='ocrx_word' id='word_1_139' title='bbox 1781 896 1993 935; x_wconf 64' lang='lat' dir='ltr'>obtinuerintq</span> 
     </span>
     <span class='ocr_line' id='line_1_14' title="bbox 137 953 1994 1003; baseline 0.002 -16"><span class='ocrx_word' id='word_1_140' title='bbox 137 957 169 988; x_wconf 94' lang='lat' dir='ltr'>in</span> <span class='ocrx_word' id='word_1_141' title='bbox 199 953 325 987; x_wconf 87' lang='lat' dir='ltr'>eisdem</span> <span class='ocrx_word' id='word_1_142' title='bbox 353 953 576 999; x_wconf 86' lang='lat' dir='ltr'>personaliter</span> <span class='ocrx_word' id='word_1_143' title='bbox 604 953 772 987; x_wconf 82' lang='lat' dir='ltr'>resideant</span> <span class='ocrx_word' id='word_1_144' title='bbox 801 965 860 1000; x_wconf 87' lang='lat' dir='ltr'>per</span> <span class='ocrx_word' id='word_1_145' title='bbox 889 966 1008 989; x_wconf 88' lang='lat' dir='ltr'>annum</span> <span class='ocrx_word' id='word_1_146' title='bbox 1039 960 1069 989; x_wconf 90' lang='lat' dir='ltr'>et</span> <span class='ocrx_word' id='word_1_147' title='bbox 1099 956 1184 990; x_wconf 89' lang='lat' dir='ltr'>diem</span> <span class='ocrx_word' id='word_1_148' title='bbox 1215 956 1396 990; x_wconf 88' lang='lat' dir='ltr'>secundum</span> <span class='ocrx_word' id='word_1_149' title='bbox 1426 957 1699 991; x_wconf 87' lang='lat' dir='ltr'>consuetudinem</span> <span class='ocrx_word' id='word_1_150' title='bbox 1729 959 1830 1003; x_wconf 91' lang='lat' dir='ltr'>ipsius</span> <span class='ocrx_word' id='word_1_151' title='bbox 1851 960 1994 991; x_wconf 89' lang='lat' dir='ltr'>civitatis</span> 
     </span>
     <span class='ocr_line' id='line_1_15' title="bbox 136 1013 1995 1062; baseline 0.002 -14"><span class='ocrx_word' id='word_1_152' title='bbox 136 1019 166 1048; x_wconf 88' lang='lat' dir='ltr'>et</span> <span class='ocrx_word' id='word_1_153' title='bbox 195 1025 262 1048; x_wconf 90' lang='lat' dir='ltr'>non</span> <span class='ocrx_word' id='word_1_154' title='bbox 291 1019 386 1048; x_wconf 88' lang='lat' dir='ltr'>extra</span> <span class='ocrx_word' id='word_1_155' title='bbox 416 1017 586 1048; x_wconf 89' lang='lat' dir='ltr'>civitatem</span> <span class='ocrx_word' id='word_1_156' title='bbox 616 1017 647 1048; x_wconf 88' lang='lat' dir='ltr'>in</span> <span class='ocrx_word' id='word_1_157' title='bbox 676 1013 772 1049; x_wconf 86' lang='lat' dir='ltr'>bonis</span> <span class='ocrx_word' id='word_1_158' title='bbox 802 1014 936 1049; x_wconf 83' lang='lat' dir='ltr'>alterius</span> <span class='ocrx_word' id='word_1_159' title='bbox 966 1016 1089 1050; x_wconf 90' lang='lat' dir='ltr'>domini</span> <span class='ocrx_word' id='word_1_160' title='bbox 1117 1020 1342 1062; x_wconf 92' lang='lat' dir='ltr'>cuiuscunque</span> <span class='ocrx_word' id='word_1_161' title='bbox 1372 1021 1403 1051; x_wconf 89' lang='lat' dir='ltr'>et</span> <span class='ocrx_word' id='word_1_162' title='bbox 1433 1016 1555 1051; x_wconf 87' lang='lat' dir='ltr'>faciant</span> <span class='ocrx_word' id='word_1_163' title='bbox 1579 1019 1656 1062; x_wconf 86' lang='lat' dir='ltr'>jura</span> <span class='ocrx_word' id='word_1_164' title='bbox 1686 1020 1829 1051; x_wconf 86' lang='lat' dir='ltr'>civitatis</span> <span class='ocrx_word' id='word_1_165' title='bbox 1849 1018 1995 1051; x_wconf 88' lang='lat' dir='ltr'>adinstar</span> 
     </span>
     <span class='ocr_line' id='line_1_16' title="bbox 136 1075 1993 1124; baseline 0.002 -16"><span class='ocrx_word' id='word_1_166' title='bbox 136 1077 238 1120; x_wconf 91' lang='lat' dir='ltr'>ipsius</span> <span class='ocrx_word' id='word_1_167' title='bbox 268 1077 400 1119; x_wconf 68' lang='lat' dir='ltr'>mortui,</span> <span class='ocrx_word' id='word_1_168' title='bbox 429 1078 482 1109; x_wconf 91' lang='lat' dir='ltr'>cui</span> <span class='ocrx_word' id='word_1_169' title='bbox 510 1075 704 1117; x_wconf 64' lang='lat' dir='ltr'>succedunt,</span> <span class='ocrx_word' id='word_1_170' title='bbox 744 1078 776 1109; x_wconf 90' lang='lat' dir='ltr'>et</span> <span class='ocrx_word' id='word_1_171' title='bbox 804 1078 831 1109; x_wconf 89' lang='lat' dir='ltr'>si</span> <span class='ocrx_word' id='word_1_172' title='bbox 861 1080 935 1121; x_wconf 86' lang='lat' dir='ltr'>post</span> <span class='ocrx_word' id='word_1_173' title='bbox 968 1087 1087 1109; x_wconf 87' lang='lat' dir='ltr'>annum</span> <span class='ocrx_word' id='word_1_174' title='bbox 1118 1081 1149 1110; x_wconf 88' lang='lat' dir='ltr'>et</span> <span class='ocrx_word' id='word_1_175' title='bbox 1178 1077 1263 1110; x_wconf 92' lang='lat' dir='ltr'>diem</span> <span class='ocrx_word' id='word_1_176' title='bbox 1301 1077 1427 1111; x_wconf 92' lang='lat' dir='ltr'>eisdem</span> <span class='ocrx_word' id='word_1_177' title='bbox 1464 1077 1586 1111; x_wconf 90' lang='lat' dir='ltr'>ibidem</span> <span class='ocrx_word' id='word_1_178' title='bbox 1626 1081 1752 1111; x_wconf 89' lang='lat' dir='ltr'>mansio</span> <span class='ocrx_word' id='word_1_179' title='bbox 1792 1078 1993 1124; x_wconf 34' lang='lat' dir='ltr'>displiceret*</span> 
     </span>
     <span class='ocr_line' id='line_1_17' title="bbox 135 1135 1993 1183; baseline 0.002 -14"><span class='ocrx_word' id='word_1_180' title='bbox 135 1138 261 1181; x_wconf 89' lang='lat' dir='ltr'>possint</span> <span class='ocrx_word' id='word_1_181' title='bbox 299 1135 433 1170; x_wconf 91' lang='lat' dir='ltr'>easdem</span> <span class='ocrx_word' id='word_1_182' title='bbox 465 1138 698 1181; x_wconf 90' lang='lat' dir='ltr'>possessiones</span> <span class='ocrx_word' id='word_1_183' title='bbox 727 1135 929 1171; x_wconf 87' lang='lat' dir='ltr'>hereditates</span> <span class='ocrx_word' id='word_1_184' title='bbox 958 1135 1045 1170; x_wconf 89' lang='lat' dir='ltr'>bona</span> <span class='ocrx_word' id='word_1_185' title='bbox 1083 1141 1116 1170; x_wconf 88' lang='lat' dir='ltr'>et</span> <span class='ocrx_word' id='word_1_186' title='bbox 1148 1148 1203 1171; x_wconf 87' lang='lat' dir='ltr'>res</span> <span class='ocrx_word' id='word_1_187' title='bbox 1240 1138 1390 1172; x_wconf 82' lang='lat' dir='ltr'>vendere</span> <span class='ocrx_word' id='word_1_188' title='bbox 1428 1138 1522 1171; x_wconf 89' lang='lat' dir='ltr'>alteri</span> <span class='ocrx_word' id='word_1_189' title='bbox 1560 1141 1634 1172; x_wconf 88' lang='lat' dir='ltr'>viro</span> <span class='ocrx_word' id='word_1_190' title='bbox 1672 1138 1805 1181; x_wconf 64' lang='lat' dir='ltr'>idoneo,</span> <span class='ocrx_word' id='word_1_191' title='bbox 1853 1141 1907 1183; x_wconf 85' lang='lat' dir='ltr'>qui</span> <span class='ocrx_word' id='word_1_192' title='bbox 1945 1143 1993 1173; x_wconf 87' lang='lat' dir='ltr'>est</span> 
     </span>
     <span class='ocr_line' id='line_1_18' title="bbox 134 1195 1993 1243; baseline 0.002 -14"><span class='ocrx_word' id='word_1_193' title='bbox 134 1195 252 1230; x_wconf 89' lang='lat' dir='ltr'>habilis</span> <span class='ocrx_word' id='word_1_194' title='bbox 282 1200 315 1230; x_wconf 88' lang='lat' dir='ltr'>et</span> <span class='ocrx_word' id='word_1_195' title='bbox 343 1196 482 1231; x_wconf 90' lang='lat' dir='ltr'>idoneus</span> <span class='ocrx_word' id='word_1_196' title='bbox 511 1198 590 1242; x_wconf 91' lang='lat' dir='ltr'>ipsis</span> <span class='ocrx_word' id='word_1_197' title='bbox 619 1195 748 1230; x_wconf 91' lang='lat' dir='ltr'>civibus</span> <span class='ocrx_word' id='word_1_198' title='bbox 778 1201 810 1231; x_wconf 89' lang='lat' dir='ltr'>et</span> <span class='ocrx_word' id='word_1_199' title='bbox 838 1200 974 1241; x_wconf 57' lang='lat' dir='ltr'>civitam</span> <span class='ocrx_word' id='word_1_200' title='bbox 1005 1200 1125 1243; x_wconf 90' lang='lat' dir='ltr'>quique</span> <span class='ocrx_word' id='word_1_201' title='bbox 1141 1201 1246 1232; x_wconf 89' lang='lat' dir='ltr'>eciam</span> <span class='ocrx_word' id='word_1_202' title='bbox 1267 1197 1388 1232; x_wconf 86' lang='lat' dir='ltr'>ibidem</span> <span class='ocrx_word' id='word_1_203' title='bbox 1409 1199 1575 1233; x_wconf 90' lang='lat' dir='ltr'>demorari</span> <span class='ocrx_word' id='word_1_204' title='bbox 1596 1204 1628 1233; x_wconf 91' lang='lat' dir='ltr'>et</span> <span class='ocrx_word' id='word_1_205' title='bbox 1647 1200 1798 1233; x_wconf 91' lang='lat' dir='ltr'>residere</span> <span class='ocrx_word' id='word_1_206' title='bbox 1819 1199 1993 1236; x_wconf 62' lang='lat' dir='ltr'>tenebitun</span> 
     </span>
     <span class='ocr_line' id='line_1_19' title="bbox 135 1257 1995 1305; baseline 0.002 -15"><span class='ocrx_word' id='word_1_207' title='bbox 135 1261 169 1290; x_wconf 89' lang='lat' dir='ltr'>ut</span> <span class='ocrx_word' id='word_1_208' title='bbox 200 1257 283 1290; x_wconf 90' lang='lat' dir='ltr'>alter</span> <span class='ocrx_word' id='word_1_209' title='bbox 312 1259 395 1291; x_wconf 91' lang='lat' dir='ltr'>civis</span> <span class='ocrx_word' id='word_1_210' title='bbox 419 1258 496 1301; x_wconf 85' lang='lat' dir='ltr'>jura</span> <span class='ocrx_word' id='word_1_211' title='bbox 524 1260 744 1293; x_wconf 85' lang='lat' dir='ltr'>necessitates</span> <span class='ocrx_word' id='word_1_212' title='bbox 774 1262 806 1292; x_wconf 90' lang='lat' dir='ltr'>et</span> <span class='ocrx_word' id='word_1_213' title='bbox 834 1269 938 1292; x_wconf 89' lang='lat' dir='ltr'>onera</span> <span class='ocrx_word' id='word_1_214' title='bbox 967 1258 1076 1293; x_wconf 89' lang='lat' dir='ltr'>civilia</span> <span class='ocrx_word' id='word_1_215' title='bbox 1106 1258 1146 1292; x_wconf 91' lang='lat' dir='ltr'>ad</span> <span class='ocrx_word' id='word_1_216' title='bbox 1175 1258 1319 1293; x_wconf 87' lang='lat' dir='ltr'>debitum</span> <span class='ocrx_word' id='word_1_217' title='bbox 1359 1263 1565 1305; x_wconf 87' lang='lat' dir='ltr'>supportare.</span> <span class='ocrx_word' id='word_1_218' title='bbox 1605 1259 1745 1305; x_wconf 89' lang='lat' dir='ltr'>Insuper</span> <span class='ocrx_word' id='word_1_219' title='bbox 1781 1260 1995 1293; x_wconf 87' lang='lat' dir='ltr'>concedimus</span> 
     </span>
     <span class='ocr_line' id='line_1_20' title="bbox 132 1318 1995 1366; baseline 0.001 -15"><span class='ocrx_word' id='word_1_220' title='bbox 132 1321 305 1351; x_wconf 87' lang='lat' dir='ltr'>statuimus</span> <span class='ocrx_word' id='word_1_221' title='bbox 344 1323 376 1352; x_wconf 91' lang='lat' dir='ltr'>et</span> <span class='ocrx_word' id='word_1_222' title='bbox 421 1318 613 1352; x_wconf 88' lang='lat' dir='ltr'>ordinamus</span> <span class='ocrx_word' id='word_1_223' title='bbox 659 1321 889 1365; x_wconf 87' lang='lat' dir='ltr'>inperpetuum</span> <span class='ocrx_word' id='word_1_224' title='bbox 929 1318 1189 1363; x_wconf 67' lang='lat' dir='ltr'>observandum,</span> <span class='ocrx_word' id='word_1_225' title='bbox 1237 1320 1322 1365; x_wconf 89' lang='lat' dir='ltr'>quod</span> <span class='ocrx_word' id='word_1_226' title='bbox 1360 1319 1486 1365; x_wconf 90' lang='lat' dir='ltr'>absque</span> <span class='ocrx_word' id='word_1_227' title='bbox 1524 1320 1759 1366; x_wconf 90' lang='lat' dir='ltr'>impedimento</span> <span class='ocrx_word' id='word_1_228' title='bbox 1798 1331 1995 1365; x_wconf 89' lang='lat' dir='ltr'>quocunque</span> 
     </span>
     <span class='ocr_line' id='line_1_21' title="bbox 135 1379 1995 1424; baseline 0.001 -12"><span class='ocrx_word' id='word_1_229' title='bbox 135 1379 232 1412; x_wconf 87' lang='lat' dir='ltr'>liceat</span> <span class='ocrx_word' id='word_1_230' title='bbox 259 1381 436 1424; x_wconf 88' lang='lat' dir='ltr'>unicuique</span> <span class='ocrx_word' id='word_1_231' title='bbox 464 1379 648 1412; x_wconf 85' lang='lat' dir='ltr'>incolarum</span> <span class='ocrx_word' id='word_1_232' title='bbox 678 1382 800 1413; x_wconf 88' lang='lat' dir='ltr'>civium</span> <span class='ocrx_word' id='word_1_233' title='bbox 830 1380 916 1413; x_wconf 89' lang='lat' dir='ltr'>dicte</span> <span class='ocrx_word' id='word_1_234' title='bbox 945 1382 1087 1414; x_wconf 84' lang='lat' dir='ltr'>civitatis</span> <span class='ocrx_word' id='word_1_235' title='bbox 1115 1384 1229 1413; x_wconf 88' lang='lat' dir='ltr'>nostre</span> <span class='ocrx_word' id='word_1_236' title='bbox 1259 1379 1445 1414; x_wconf 86' lang='lat' dir='ltr'>Czwitavie</span> <span class='ocrx_word' id='word_1_237' title='bbox 1474 1383 1505 1414; x_wconf 89' lang='lat' dir='ltr'>in</span> <span class='ocrx_word' id='word_1_238' title='bbox 1539 1383 1606 1414; x_wconf 83' lang='lat' dir='ltr'>vita</span> <span class='ocrx_word' id='word_1_239' title='bbox 1644 1380 1699 1414; x_wconf 87' lang='lat' dir='ltr'>vel</span> <span class='ocrx_word' id='word_1_240' title='bbox 1738 1384 1843 1414; x_wconf 89' lang='lat' dir='ltr'>morte</span> <span class='ocrx_word' id='word_1_241' title='bbox 1882 1383 1995 1414; x_wconf 88' lang='lat' dir='ltr'>testari</span> 
     </span>
     <span class='ocr_line' id='line_1_22' title="bbox 132 1439 1994 1487; baseline 0.001 -14"><span class='ocrx_word' id='word_1_242' title='bbox 132 1439 247 1485; x_wconf 81' lang='lat' dir='ltr'>legare</span> <span class='ocrx_word' id='word_1_243' title='bbox 292 1444 592 1485; x_wconf 84' lang='lat' dir='ltr'>testamentumque</span> <span class='ocrx_word' id='word_1_244' title='bbox 630 1439 744 1474; x_wconf 87' lang='lat' dir='ltr'>facere</span> <span class='ocrx_word' id='word_1_245' title='bbox 782 1440 821 1473; x_wconf 91' lang='lat' dir='ltr'>ad</span> <span class='ocrx_word' id='word_1_246' title='bbox 862 1440 1021 1475; x_wconf 87' lang='lat' dir='ltr'>ecclesias</span> <span class='ocrx_word' id='word_1_247' title='bbox 1058 1444 1112 1473; x_wconf 88' lang='lat' dir='ltr'>aut</span> <span class='ocrx_word' id='word_1_248' title='bbox 1150 1440 1368 1474; x_wconf 89' lang='lat' dir='ltr'>ecclesiarum</span> <span class='ocrx_word' id='word_1_249' title='bbox 1406 1440 1549 1474; x_wconf 84' lang='lat' dir='ltr'>fabricas</span> <span class='ocrx_word' id='word_1_250' title='bbox 1586 1445 1640 1474; x_wconf 90' lang='lat' dir='ltr'>aut</span> <span class='ocrx_word' id='word_1_251' title='bbox 1682 1441 1798 1486; x_wconf 83' lang='lat' dir='ltr'>legare</span> <span class='ocrx_word' id='word_1_252' title='bbox 1842 1443 1994 1487; x_wconf 85' lang='lat' dir='ltr'>personis</span> 
     </span>
     <span class='ocr_line' id='line_1_23' title="bbox 134 1500 1994 1547; baseline 0.001 -14"><span class='ocrx_word' id='word_1_253' title='bbox 134 1500 371 1535; x_wconf 88' lang='lat' dir='ltr'>ecclesiasticis</span> <span class='ocrx_word' id='word_1_254' title='bbox 402 1500 549 1534; x_wconf 88' lang='lat' dir='ltr'>eiusdem</span> <span class='ocrx_word' id='word_1_255' title='bbox 581 1503 724 1535; x_wconf 89' lang='lat' dir='ltr'>civitatis</span> <span class='ocrx_word' id='word_1_256' title='bbox 754 1505 786 1534; x_wconf 89' lang='lat' dir='ltr'>et</span> <span class='ocrx_word' id='word_1_257' title='bbox 814 1500 889 1544; x_wconf 63' lang='lat' dir='ltr'>loci,</span> <span class='ocrx_word' id='word_1_258' title='bbox 920 1505 1016 1547; x_wconf 89' lang='lat' dir='ltr'>prout</span> <span class='ocrx_word' id='word_1_259' title='bbox 1045 1500 1177 1534; x_wconf 91' lang='lat' dir='ltr'>cuilibet</span> <span class='ocrx_word' id='word_1_260' title='bbox 1208 1501 1389 1535; x_wconf 89' lang='lat' dir='ltr'>incolarum</span> <span class='ocrx_word' id='word_1_261' title='bbox 1419 1504 1540 1534; x_wconf 84' lang='lat' dir='ltr'>civium</span> <span class='ocrx_word' id='word_1_262' title='bbox 1579 1501 1665 1535; x_wconf 90' lang='lat' dir='ltr'>dicte</span> <span class='ocrx_word' id='word_1_263' title='bbox 1701 1506 1814 1535; x_wconf 88' lang='lat' dir='ltr'>nostre</span> <span class='ocrx_word' id='word_1_264' title='bbox 1852 1504 1994 1535; x_wconf 82' lang='lat' dir='ltr'>civitatis</span> 
     </span>
     <span class='ocr_line' id='line_1_24' title="bbox 135 1559 1993 1608; baseline 0 -14"><span class='ocrx_word' id='word_1_265' title='bbox 135 1559 321 1595; x_wconf 84' lang='lat' dir='ltr'>Czwitavie</span> <span class='ocrx_word' id='word_1_266' title='bbox 350 1560 516 1595; x_wconf 86' lang='lat' dir='ltr'>videbitur</span> <span class='ocrx_word' id='word_1_267' title='bbox 545 1561 653 1595; x_wconf 88' lang='lat' dir='ltr'>utilius</span> <span class='ocrx_word' id='word_1_268' title='bbox 683 1561 855 1608; x_wconf 88' lang='lat' dir='ltr'>expedire.</span> <span class='ocrx_word' id='word_1_269' title='bbox 886 1561 1043 1595; x_wconf 88' lang='lat' dir='ltr'>Valorem</span> <span class='ocrx_word' id='word_1_270' title='bbox 1073 1563 1323 1595; x_wconf 86' lang='lat' dir='ltr'>estimacionem</span> <span class='ocrx_word' id='word_1_271' title='bbox 1353 1565 1385 1595; x_wconf 90' lang='lat' dir='ltr'>et</span> <span class='ocrx_word' id='word_1_272' title='bbox 1413 1565 1524 1595; x_wconf 88' lang='lat' dir='ltr'>taxam</span> <span class='ocrx_word' id='word_1_273' title='bbox 1553 1561 1715 1595; x_wconf 89' lang='lat' dir='ltr'>bonorum</span> <span class='ocrx_word' id='word_1_274' title='bbox 1745 1564 1993 1608; x_wconf 87' lang='lat' dir='ltr'>possessionum</span> 
     </span>
     <span class='ocr_line' id='line_1_25' title="bbox 135 1621 1992 1667; baseline 0 -12"><span class='ocrx_word' id='word_1_275' title='bbox 135 1633 174 1655; x_wconf 90' lang='lat' dir='ltr'>ac</span> <span class='ocrx_word' id='word_1_276' title='bbox 215 1633 327 1655; x_wconf 86' lang='lat' dir='ltr'>rerum</span> <span class='ocrx_word' id='word_1_277' title='bbox 369 1621 559 1655; x_wconf 84' lang='lat' dir='ltr'>relictarum</span> <span class='ocrx_word' id='word_1_278' title='bbox 603 1625 677 1667; x_wconf 87' lang='lat' dir='ltr'>post</span> <span class='ocrx_word' id='word_1_279' title='bbox 718 1622 910 1656; x_wconf 91' lang='lat' dir='ltr'>decedentis</span> <span class='ocrx_word' id='word_1_280' title='bbox 953 1626 1093 1656; x_wconf 88' lang='lat' dir='ltr'>mortem</span> <span class='ocrx_word' id='word_1_281' title='bbox 1131 1621 1288 1655; x_wconf 89' lang='lat' dir='ltr'>videlicet</span> <span class='ocrx_word' id='word_1_282' title='bbox 1326 1625 1469 1667; x_wconf 88' lang='lat' dir='ltr'>quintam</span> <span class='ocrx_word' id='word_1_283' title='bbox 1505 1626 1631 1667; x_wconf 90' lang='lat' dir='ltr'>partem</span> <span class='ocrx_word' id='word_1_284' title='bbox 1668 1622 1851 1665; x_wconf 66' lang='lat' dir='ltr'>dumtaxat,</span> <span class='ocrx_word' id='word_1_285' title='bbox 1898 1633 1992 1667; x_wconf 87' lang='lat' dir='ltr'>quam</span> 
     </span>
     <span class='ocr_line' id='line_1_26' title="bbox 135 1682 1994 1726; baseline 0 -11"><span class='ocrx_word' id='word_1_286' title='bbox 135 1684 239 1715; x_wconf 90' lang='lat' dir='ltr'>eciam</span> <span class='ocrx_word' id='word_1_287' title='bbox 271 1684 528 1715; x_wconf 87' lang='lat' dir='ltr'>extimacionem</span> <span class='ocrx_word' id='word_1_288' title='bbox 558 1682 709 1716; x_wconf 90' lang='lat' dir='ltr'>valorem</span> <span class='ocrx_word' id='word_1_289' title='bbox 739 1687 771 1716; x_wconf 88' lang='lat' dir='ltr'>et</span> <span class='ocrx_word' id='word_1_290' title='bbox 800 1687 911 1716; x_wconf 86' lang='lat' dir='ltr'>taxam</span> <span class='ocrx_word' id='word_1_291' title='bbox 942 1684 1100 1726; x_wconf 78' lang='lat' dir='ltr'>magister</span> <span class='ocrx_word' id='word_1_292' title='bbox 1129 1685 1249 1716; x_wconf 73' lang='lat' dir='ltr'>civium</span> <span class='ocrx_word' id='word_1_293' title='bbox 1281 1682 1434 1716; x_wconf 87' lang='lat' dir='ltr'>consules</span> <span class='ocrx_word' id='word_1_294' title='bbox 1456 1686 1487 1715; x_wconf 86' lang='lat' dir='ltr'>et</span> <span class='ocrx_word' id='word_1_295' title='bbox 1503 1683 1604 1726; x_wconf 87' lang='lat' dir='ltr'>jurati</span> <span class='ocrx_word' id='word_1_296' title='bbox 1625 1685 1718 1716; x_wconf 81' lang='lat' dir='ltr'>cives</span> <span class='ocrx_word' id='word_1_297' title='bbox 1739 1682 1826 1716; x_wconf 88' lang='lat' dir='ltr'>dicte</span> <span class='ocrx_word' id='word_1_298' title='bbox 1852 1684 1994 1715; x_wconf 80' lang='lat' dir='ltr'>civitatis</span> 
     </span>
     <span class='ocr_line' id='line_1_27' title="bbox 134 1742 1993 1789; baseline 0 -14"><span class='ocrx_word' id='word_1_299' title='bbox 134 1753 194 1788; x_wconf 83' lang='lat' dir='ltr'>pei·</span> <span class='ocrx_word' id='word_1_300' title='bbox 225 1744 449 1787; x_wconf 85' lang='lat' dir='ltr'>juramentum</span> <span class='ocrx_word' id='word_1_301' title='bbox 480 1743 614 1777; x_wconf 90' lang='lat' dir='ltr'>domino</span> <span class='ocrx_word' id='word_1_302' title='bbox 643 1747 676 1777; x_wconf 86' lang='lat' dir='ltr'>et</span> <span class='ocrx_word' id='word_1_303' title='bbox 704 1746 829 1777; x_wconf 87' lang='lat' dir='ltr'>civitati</span> <span class='ocrx_word' id='word_1_304' title='bbox 858 1746 1028 1789; x_wconf 90' lang='lat' dir='ltr'>prestitum</span> <span class='ocrx_word' id='word_1_305' title='bbox 1058 1748 1131 1789; x_wconf 90' lang='lat' dir='ltr'>post</span> <span class='ocrx_word' id='word_1_306' title='bbox 1161 1747 1300 1777; x_wconf 90' lang='lat' dir='ltr'>mortem</span> <span class='ocrx_word' id='word_1_307' title='bbox 1331 1742 1477 1776; x_wconf 88' lang='lat' dir='ltr'>defuncti</span> <span class='ocrx_word' id='word_1_308' title='bbox 1511 1742 1596 1776; x_wconf 87' lang='lat' dir='ltr'>infra</span> <span class='ocrx_word' id='word_1_309' title='bbox 1634 1743 1704 1777; x_wconf 92' lang='lat' dir='ltr'>dies</span> <span class='ocrx_word' id='word_1_310' title='bbox 1744 1743 1993 1788; x_wconf 84' lang='lat' dir='ltr'>quatuordecim</span> 
     </span>
     <span class='ocr_line' id='line_1_28' title="bbox 134 1802 1993 1838; baseline 0 -2"><span class='ocrx_word' id='word_1_311' title='bbox 134 1806 290 1837; x_wconf 88' lang='lat' dir='ltr'>estimare</span> <span class='ocrx_word' id='word_1_312' title='bbox 320 1807 351 1837; x_wconf 88' lang='lat' dir='ltr'>et</span> <span class='ocrx_word' id='word_1_313' title='bbox 380 1807 497 1837; x_wconf 84' lang='lat' dir='ltr'>taxare</span> <span class='ocrx_word' id='word_1_314' title='bbox 526 1802 668 1838; x_wconf 85' lang='lat' dir='ltr'>fideliter</span> <span class='ocrx_word' id='word_1_315' title='bbox 697 1803 905 1838; x_wconf 88' lang='lat' dir='ltr'>tenebuntur.</span> <span class='ocrx_word' id='word_1_316' title='bbox 936 1803 1029 1837; x_wconf 86' lang='lat' dir='ltr'>Hanc</span> <span class='ocrx_word' id='word_1_317' title='bbox 1058 1814 1142 1837; x_wconf 81' lang='lat' dir='ltr'>vero</span> <span class='ocrx_word' id='word_1_318' title='bbox 1172 1805 1428 1837; x_wconf 84' lang='lat' dir='ltr'>extimacionem</span> <span class='ocrx_word' id='word_1_319' title='bbox 1450 1803 1600 1837; x_wconf 80' lang='lat' dir='ltr'>valorem</span> <span class='ocrx_word' id='word_1_320' title='bbox 1622 1807 1653 1837; x_wconf 89' lang='lat' dir='ltr'>et</span> <span class='ocrx_word' id='word_1_321' title='bbox 1676 1807 1788 1837; x_wconf 87' lang='lat' dir='ltr'>taxam</span> <span class='ocrx_word' id='word_1_322' title='bbox 1808 1802 1993 1837; x_wconf 87' lang='lat' dir='ltr'>huiusmodi</span> 
     </span>
     <span class='ocr_line' id='line_1_29' title="bbox 135 1862 1994 1910; baseline 0 -13"><span class='ocrx_word' id='word_1_323' title='bbox 135 1867 246 1908; x_wconf 89' lang='lat' dir='ltr'>quinte</span> <span class='ocrx_word' id='word_1_324' title='bbox 276 1866 377 1910; x_wconf 86' lang='lat' dir='ltr'>partis</span> <span class='ocrx_word' id='word_1_325' title='bbox 407 1866 631 1910; x_wconf 78' lang='lat' dir='ltr'>proximiores</span> <span class='ocrx_word' id='word_1_326' title='bbox 660 1864 804 1899; x_wconf 89' lang='lat' dir='ltr'>heredes</span> <span class='ocrx_word' id='word_1_327' title='bbox 834 1869 886 1898; x_wconf 89' lang='lat' dir='ltr'>aut</span> <span class='ocrx_word' id='word_1_328' title='bbox 917 1863 1016 1898; x_wconf 89' lang='lat' dir='ltr'>heres</span> <span class='ocrx_word' id='word_1_329' title='bbox 1045 1867 1241 1910; x_wconf 56' lang='lat' dir='ltr'>proximior„</span> <span class='ocrx_word' id='word_1_330' title='bbox 1270 1867 1325 1909; x_wconf 91' lang='lat' dir='ltr'>qui</span> <span class='ocrx_word' id='word_1_331' title='bbox 1353 1866 1385 1897; x_wconf 90' lang='lat' dir='ltr'>in</span> <span class='ocrx_word' id='word_1_332' title='bbox 1413 1863 1508 1898; x_wconf 90' lang='lat' dir='ltr'>bonis</span> <span class='ocrx_word' id='word_1_333' title='bbox 1538 1863 1805 1909; x_wconf 83' lang='lat' dir='ltr'>possessionibus</span> <span class='ocrx_word' id='word_1_334' title='bbox 1835 1868 1867 1897; x_wconf 84' lang='lat' dir='ltr'>et</span> <span class='ocrx_word' id='word_1_335' title='bbox 1895 1862 1994 1897; x_wconf 89' lang='lat' dir='ltr'>rebus</span> 
     </span>
     <span class='ocr_line' id='line_1_30' title="bbox 135 1923 1994 1970; baseline -0.001 -12"><span class='ocrx_word' id='word_1_336' title='bbox 135 1924 281 1958; x_wconf 90' lang='lat' dir='ltr'>defuncti</span> <span class='ocrx_word' id='word_1_337' title='bbox 311 1924 503 1963; x_wconf 63' lang='lat' dir='ltr'>succedentq</span> <span class='ocrx_word' id='word_1_338' title='bbox 542 1927 627 1958; x_wconf 89' lang='lat' dir='ltr'>sicut</span> <span class='ocrx_word' id='word_1_339' title='bbox 655 1928 864 1970; x_wconf 62' lang='lat' dir='ltr'>premittitur,</span> <span class='ocrx_word' id='word_1_340' title='bbox 894 1927 1046 1960; x_wconf 89' lang='lat' dir='ltr'>ecclesiis</span> <span class='ocrx_word' id='word_1_341' title='bbox 1075 1924 1156 1958; x_wconf 92' lang='lat' dir='ltr'>locis</span> <span class='ocrx_word' id='word_1_342' title='bbox 1185 1928 1217 1958; x_wconf 89' lang='lat' dir='ltr'>et</span> <span class='ocrx_word' id='word_1_343' title='bbox 1245 1927 1409 1970; x_wconf 71' lang='lat' dir='ltr'>personis,</span> <span class='ocrx_word' id='word_1_344' title='bbox 1449 1923 1566 1969; x_wconf 87' lang='lat' dir='ltr'>quibus</span> <span class='ocrx_word' id='word_1_345' title='bbox 1595 1927 1665 1969; x_wconf 92' lang='lat' dir='ltr'>ipsa</span> <span class='ocrx_word' id='word_1_346' title='bbox 1695 1927 1805 1969; x_wconf 89' lang='lat' dir='ltr'>quinta</span> <span class='ocrx_word' id='word_1_347' title='bbox 1835 1928 1890 1957; x_wconf 88' lang='lat' dir='ltr'>aut</span> <span class='ocrx_word' id='word_1_348' title='bbox 1918 1935 1994 1969; x_wconf 87' lang='lat' dir='ltr'>pars</span> 
     </span>
     <span class='ocr_line' id='line_1_31' title="bbox 136 1984 1993 2031; baseline 0 -13"><span class='ocrx_word' id='word_1_349' title='bbox 136 1988 206 2019; x_wconf 91' lang='lat' dir='ltr'>eius</span> <span class='ocrx_word' id='word_1_350' title='bbox 236 1985 346 2030; x_wconf 81' lang='lat' dir='ltr'>legata</span> <span class='ocrx_word' id='word_1_351' title='bbox 376 1989 437 2028; x_wconf 69' lang='lat' dir='ltr'>est,</span> <span class='ocrx_word' id='word_1_352' title='bbox 468 1984 553 2018; x_wconf 89' lang='lat' dir='ltr'>infra</span> <span class='ocrx_word' id='word_1_353' title='bbox 583 1989 650 2019; x_wconf 90' lang='lat' dir='ltr'>tres</span> <span class='ocrx_word' id='word_1_354' title='bbox 679 1997 812 2019; x_wconf 89' lang='lat' dir='ltr'>menses</span> <span class='ocrx_word' id='word_1_355' title='bbox 841 1988 995 2019; x_wconf 89' lang='lat' dir='ltr'>continue</span> <span class='ocrx_word' id='word_1_356' title='bbox 1025 1996 1060 2018; x_wconf 92' lang='lat' dir='ltr'>se</span> <span class='ocrx_word' id='word_1_357' title='bbox 1090 1989 1282 2030; x_wconf 66' lang='lat' dir='ltr'>sequentes,</span> <span class='ocrx_word' id='word_1_358' title='bbox 1313 1989 1486 2030; x_wconf 87' lang='lat' dir='ltr'>postquam</span> <span class='ocrx_word' id='word_1_359' title='bbox 1516 1985 1633 2018; x_wconf 88' lang='lat' dir='ltr'>eadem</span> <span class='ocrx_word' id='word_1_360' title='bbox 1654 1987 1765 2030; x_wconf 87' lang='lat' dir='ltr'>quinta</span> <span class='ocrx_word' id='word_1_361' title='bbox 1786 1996 1863 2031; x_wconf 89' lang='lat' dir='ltr'>pars</span> <span class='ocrx_word' id='word_1_362' title='bbox 1884 1989 1993 2018; x_wconf 81' lang='lat' dir='ltr'>taxata</span> 
     </span>
     <span class='ocr_line' id='line_1_32' title="bbox 138 2044 1993 2092; baseline -0.001 -12"><span class='ocrx_word' id='word_1_363' title='bbox 138 2045 247 2089; x_wconf 75' lang='lat' dir='ltr'>fuerit,</span> <span class='ocrx_word' id='word_1_364' title='bbox 294 2050 328 2080; x_wconf 88' lang='lat' dir='ltr'>ut</span> <span class='ocrx_word' id='word_1_365' title='bbox 366 2045 544 2092; x_wconf 75' lang='lat' dir='ltr'>prefertur.</span> <span class='ocrx_word' id='word_1_366' title='bbox 592 2057 665 2079; x_wconf 84' lang='lat' dir='ltr'>cum</span> <span class='ocrx_word' id='word_1_367' title='bbox 702 2046 823 2080; x_wconf 83' lang='lat' dir='ltr'>effectu</span> <span class='ocrx_word' id='word_1_368' title='bbox 861 2046 940 2080; x_wconf 86' lang='lat' dir='ltr'>dare</span> <span class='ocrx_word' id='word_1_369' title='bbox 979 2050 1009 2079; x_wconf 87' lang='lat' dir='ltr'>et</span> <span class='ocrx_word' id='word_1_370' title='bbox 1046 2045 1254 2090; x_wconf 82' lang='lat' dir='ltr'>integraliter</span> <span class='ocrx_word' id='word_1_371' title='bbox 1290 2045 1488 2091; x_wconf 74' lang='lat' dir='ltr'>persolvere</span> <span class='ocrx_word' id='word_1_372' title='bbox 1523 2044 1722 2079; x_wconf 88' lang='lat' dir='ltr'>tenebuntur</span> <span class='ocrx_word' id='word_1_373' title='bbox 1759 2050 1792 2079; x_wconf 91' lang='lat' dir='ltr'>et</span> <span class='ocrx_word' id='word_1_374' title='bbox 1829 2044 1993 2079; x_wconf 87' lang='lat' dir='ltr'>debebunt</span> 
     </span>
     <span class='ocr_line' id='line_1_33' title="bbox 136 2105 1995 2152; baseline -0.001 -12"><span class='ocrx_word' id='word_1_375' title='bbox 136 2107 406 2141; x_wconf 85' lang='lat' dir='ltr'>contradiccione</span> <span class='ocrx_word' id='word_1_376' title='bbox 435 2106 580 2152; x_wconf 91' lang='lat' dir='ltr'>qualibet</span> <span class='ocrx_word' id='word_1_377' title='bbox 607 2118 673 2140; x_wconf 93' lang='lat' dir='ltr'>non</span> <span class='ocrx_word' id='word_1_378' title='bbox 703 2106 866 2141; x_wconf 88' lang='lat' dir='ltr'>obstante.</span> <span class='ocrx_word' id='word_1_379' title='bbox 901 2106 1027 2140; x_wconf 84' lang='lat' dir='ltr'>Verum</span> <span class='ocrx_word' id='word_1_380' title='bbox 1057 2108 1131 2151; x_wconf 85' lang='lat' dir='ltr'>quia</span> <span class='ocrx_word' id='word_1_381' title='bbox 1160 2116 1240 2151; x_wconf 90' lang='lat' dir='ltr'>sepe</span> <span class='ocrx_word' id='word_1_382' title='bbox 1269 2108 1441 2150; x_wconf 69' lang='lat' dir='ltr'>contingit,</span> <span class='ocrx_word' id='word_1_383' title='bbox 1477 2105 1564 2151; x_wconf 91' lang='lat' dir='ltr'>quod</span> <span class='ocrx_word' id='word_1_384' title='bbox 1592 2105 1738 2139; x_wconf 87' lang='lat' dir='ltr'>nonnulli</span> <span class='ocrx_word' id='word_1_385' title='bbox 1767 2105 1871 2151; x_wconf 84' lang='lat' dir='ltr'>proch</span> <span class='ocrx_word' id='word_1_386' title='bbox 1901 2105 1995 2139; x_wconf 87' lang='lat' dir='ltr'>dolor</span> 
     </span>
     <span class='ocr_line' id='line_1_34' title="bbox 139 2165 1994 2213; baseline -0.001 -13"><span class='ocrx_word' id='word_1_387' title='bbox 139 2169 307 2213; x_wconf 90' lang='lat' dir='ltr'>inprovisa</span> <span class='ocrx_word' id='word_1_388' title='bbox 337 2178 376 2201; x_wconf 86' lang='lat' dir='ltr'>ac</span> <span class='ocrx_word' id='word_1_389' title='bbox 405 2167 581 2201; x_wconf 90' lang='lat' dir='ltr'>celerrima</span> <span class='ocrx_word' id='word_1_390' title='bbox 612 2171 719 2201; x_wconf 89' lang='lat' dir='ltr'>morte</span> <span class='ocrx_word' id='word_1_391' title='bbox 747 2166 977 2210; x_wconf 64' lang='lat' dir='ltr'>succumbunt,</span> <span class='ocrx_word' id='word_1_392' title='bbox 1007 2177 1048 2200; x_wconf 90' lang='lat' dir='ltr'>ne</span> <span class='ocrx_word' id='word_1_393' title='bbox 1078 2170 1187 2199; x_wconf 87' lang='lat' dir='ltr'>tamen</span> <span class='ocrx_word' id='word_1_394' title='bbox 1216 2176 1331 2199; x_wconf 88' lang='lat' dir='ltr'>eorum</span> <span class='ocrx_word' id='word_1_395' title='bbox 1361 2168 1481 2209; x_wconf 64' lang='lat' dir='ltr'>anime,</span> <span class='ocrx_word' id='word_1_396' title='bbox 1511 2177 1572 2212; x_wconf 92' lang='lat' dir='ltr'>pro</span> <span class='ocrx_word' id='word_1_397' title='bbox 1593 2165 1727 2211; x_wconf 81' lang='lat' dir='ltr'>quod*]</span> <span class='ocrx_word' id='word_1_398' title='bbox 1757 2166 1820 2199; x_wconf 88' lang='lat' dir='ltr'>deo</span> <span class='ocrx_word' id='word_1_399' title='bbox 1844 2168 1994 2211; x_wconf 89' lang='lat' dir='ltr'>propicio</span> 
     </span>
     <span class='ocr_line' id='line_1_35' title="bbox 136 2226 1994 2272; baseline -0.001 -12"><span class='ocrx_word' id='word_1_400' title='bbox 136 2230 291 2261; x_wconf 78' lang='lat' dir='ltr'>viventes</span> <span class='ocrx_word' id='word_1_401' title='bbox 320 2230 352 2261; x_wconf 93' lang='lat' dir='ltr'>in</span> <span class='ocrx_word' id='word_1_402' title='bbox 382 2227 446 2262; x_wconf 90' lang='lat' dir='ltr'>hoc</span> <span class='ocrx_word' id='word_1_403' title='bbox 475 2227 589 2261; x_wconf 88' lang='lat' dir='ltr'>seculo</span> <span class='ocrx_word' id='word_1_404' title='bbox 618 2227 658 2261; x_wconf 90' lang='lat' dir='ltr'>ad</span> <span class='ocrx_word' id='word_1_405' title='bbox 687 2227 826 2261; x_wconf 90' lang='lat' dir='ltr'>salutem</span> <span class='ocrx_word' id='word_1_406' title='bbox 856 2239 948 2262; x_wconf 88' lang='lat' dir='ltr'>suam</span> <span class='ocrx_word' id='word_1_407' title='bbox 978 2226 1176 2269; x_wconf 65' lang='lat' dir='ltr'>habuerunt,</span> <span class='ocrx_word' id='word_1_408' title='bbox 1206 2226 1372 2260; x_wconf 91' lang='lat' dir='ltr'>desiderio</span> <span class='ocrx_word' id='word_1_409' title='bbox 1392 2229 1457 2260; x_wconf 86' lang='lat' dir='ltr'>sint</span> <span class='ocrx_word' id='word_1_410' title='bbox 1475 2229 1617 2272; x_wconf 65' lang='lat' dir='ltr'>private„</span> <span class='ocrx_word' id='word_1_411' title='bbox 1646 2226 1798 2260; x_wconf 78' lang='lat' dir='ltr'>volumus</span> <span class='ocrx_word' id='word_1_412' title='bbox 1823 2228 1994 2260; x_wconf 87' lang='lat' dir='ltr'>statuimus</span> 
     </span>
     <span class='ocr_line' id='line_1_36' title="bbox 135 2286 1993 2334; baseline -0.001 -14"><span class='ocrx_word' id='word_1_413' title='bbox 135 2287 350 2322; x_wconf 86' lang='lat' dir='ltr'>concedimus</span> <span class='ocrx_word' id='word_1_414' title='bbox 386 2292 418 2321; x_wconf 82' lang='lat' dir='ltr'>et</span> <span class='ocrx_word' id='word_1_415' title='bbox 447 2291 552 2322; x_wconf 88' lang='lat' dir='ltr'>eciam</span> <span class='ocrx_word' id='word_1_416' title='bbox 583 2288 774 2322; x_wconf 87' lang='lat' dir='ltr'>ordinamus</span> <span class='ocrx_word' id='word_1_417' title='bbox 803 2298 862 2334; x_wconf 90' lang='lat' dir='ltr'>pro</span> <span class='ocrx_word' id='word_1_418' title='bbox 899 2287 994 2321; x_wconf 90' lang='lat' dir='ltr'>nohis</span> <span class='ocrx_word' id='word_1_419' title='bbox 1032 2291 1062 2320; x_wconf 88' lang='lat' dir='ltr'>et</span> <span class='ocrx_word' id='word_1_420' title='bbox 1099 2286 1350 2321; x_wconf 90' lang='lat' dir='ltr'>successoribus</span> <span class='ocrx_word' id='word_1_421' title='bbox 1378 2289 1501 2320; x_wconf 89' lang='lat' dir='ltr'>nostris</span> <span class='ocrx_word' id='word_1_422' title='bbox 1531 2291 1563 2320; x_wconf 91' lang='lat' dir='ltr'>in</span> <span class='ocrx_word' id='word_1_423' title='bbox 1591 2291 1799 2332; x_wconf 70' lang='lat' dir='ltr'>perpetuum,</span> <span class='ocrx_word' id='word_1_424' title='bbox 1838 2286 1924 2331; x_wconf 92' lang='lat' dir='ltr'>quod</span> <span class='ocrx_word' id='word_1_425' title='bbox 1953 2286 1993 2319; x_wconf 88' lang='lat' dir='ltr'>ad</span> 
     </span>
     <span class='ocr_line' id='line_1_37' title="bbox 138 2347 1993 2394; baseline -0.001 -13"><span class='ocrx_word' id='word_1_426' title='bbox 138 2347 324 2381; x_wconf 88' lang='lat' dir='ltr'>faciendum</span> <span class='ocrx_word' id='word_1_427' title='bbox 355 2353 387 2382; x_wconf 88' lang='lat' dir='ltr'>et</span> <span class='ocrx_word' id='word_1_428' title='bbox 414 2349 612 2383; x_wconf 90' lang='lat' dir='ltr'>solvendum</span> <span class='ocrx_word' id='word_1_429' title='bbox 650 2353 882 2383; x_wconf 87' lang='lat' dir='ltr'>testamentum</span> <span class='ocrx_word' id='word_1_430' title='bbox 920 2359 980 2394; x_wconf 89' lang='lat' dir='ltr'>pro</span> <span class='ocrx_word' id='word_1_431' title='bbox 1017 2347 1124 2381; x_wconf 87' lang='lat' dir='ltr'>taliter</span> <span class='ocrx_word' id='word_1_432' title='bbox 1159 2349 1296 2381; x_wconf 87' lang='lat' dir='ltr'>mortuis</span> <span class='ocrx_word' id='word_1_433' title='bbox 1334 2347 1490 2380; x_wconf 87' lang='lat' dir='ltr'>videlicet</span> <span class='ocrx_word' id='word_1_434' title='bbox 1526 2349 1775 2380; x_wconf 90' lang='lat' dir='ltr'>estimacionem</span> <span class='ocrx_word' id='word_1_435' title='bbox 1812 2351 1843 2379; x_wconf 90' lang='lat' dir='ltr'>et</span> <span class='ocrx_word' id='word_1_436' title='bbox 1882 2351 1993 2379; x_wconf 84' lang='lat' dir='ltr'>taxam</span> 
     </span>
     <span class='ocr_line' id='line_1_38' title="bbox 136 2406 1993 2456; baseline -0.001 -15"><span class='ocrx_word' id='word_1_437' title='bbox 136 2411 248 2453; x_wconf 86' lang='lat' dir='ltr'>quinte</span> <span class='ocrx_word' id='word_1_438' title='bbox 276 2411 378 2454; x_wconf 90' lang='lat' dir='ltr'>partis</span> <span class='ocrx_word' id='word_1_439' title='bbox 407 2408 569 2443; x_wconf 90' lang='lat' dir='ltr'>bonorum</span> <span class='ocrx_word' id='word_1_440' title='bbox 599 2413 849 2456; x_wconf 91' lang='lat' dir='ltr'>possessionum</span> <span class='ocrx_word' id='word_1_441' title='bbox 880 2413 912 2443; x_wconf 92' lang='lat' dir='ltr'>et</span> <span class='ocrx_word' id='word_1_442' title='bbox 941 2419 1050 2442; x_wconf 83' lang='lat' dir='ltr'>rerum</span> <span class='ocrx_word' id='word_1_443' title='bbox 1085 2408 1274 2441; x_wconf 84' lang='lat' dir='ltr'>relictarum</span> <span class='ocrx_word' id='word_1_444' title='bbox 1312 2410 1443 2443; x_wconf 72' lang='lat' dir='ltr'>mortui.</span> <span class='ocrx_word' id='word_1_445' title='bbox 1481 2411 1515 2440; x_wconf 88' lang='lat' dir='ltr'>ut</span> <span class='ocrx_word' id='word_1_446' title='bbox 1552 2406 1730 2453; x_wconf 68' lang='lat' dir='ltr'>prefertur,</span> <span class='ocrx_word' id='word_1_447' title='bbox 1768 2409 1993 2452; x_wconf 79' lang='lat' dir='ltr'>proximiores</span> 
     </span>
     <span class='ocr_line' id='line_1_39' title="bbox 136 2464 1992 2515; baseline 0 -14"><span class='ocrx_word' id='word_1_448' title='bbox 136 2467 279 2502; x_wconf 87' lang='lat' dir='ltr'>heredes</span> <span class='ocrx_word' id='word_1_449' title='bbox 308 2479 381 2502; x_wconf 91' lang='lat' dir='ltr'>cum</span> <span class='ocrx_word' id='word_1_450' title='bbox 411 2469 530 2503; x_wconf 85' lang='lat' dir='ltr'>effectu</span> <span class='ocrx_word' id='word_1_451' title='bbox 558 2470 753 2515; x_wconf 81' lang='lat' dir='ltr'>persolvant</span> <span class='ocrx_word' id='word_1_452' title='bbox 782 2470 932 2503; x_wconf 87' lang='lat' dir='ltr'>ecclesiis</span> <span class='ocrx_word' id='word_1_453' title='bbox 963 2464 1089 2502; x_wconf 87' lang='lat' dir='ltr'>fabrice</span> <span class='ocrx_word' id='word_1_454' title='bbox 1118 2468 1354 2502; x_wconf 89' lang='lat' dir='ltr'>ecclesiasticis</span> <span class='ocrx_word' id='word_1_455' title='bbox 1383 2470 1535 2513; x_wconf 79' lang='lat' dir='ltr'>personis</span> <span class='ocrx_word' id='word_1_456' title='bbox 1565 2472 1597 2501; x_wconf 92' lang='lat' dir='ltr'>et</span> <span class='ocrx_word' id='word_1_457' title='bbox 1625 2467 1706 2501; x_wconf 89' lang='lat' dir='ltr'>locis</span> <span class='ocrx_word' id='word_1_458' title='bbox 1736 2467 1821 2501; x_wconf 89' lang='lat' dir='ltr'>dicte</span> <span class='ocrx_word' id='word_1_459' title='bbox 1850 2470 1992 2501; x_wconf 88' lang='lat' dir='ltr'>civitatis</span> 
     </span>
     <span class='ocr_line' id='line_1_40' title="bbox 135 2528 1993 2576; baseline 0 -15"><span class='ocrx_word' id='word_1_460' title='bbox 135 2528 317 2562; x_wconf 86' lang='lat' dir='ltr'>secundum</span> <span class='ocrx_word' id='word_1_461' title='bbox 348 2530 520 2563; x_wconf 92' lang='lat' dir='ltr'>consilium</span> <span class='ocrx_word' id='word_1_462' title='bbox 551 2533 698 2576; x_wconf 88' lang='lat' dir='ltr'>episcopi</span> <span class='ocrx_word' id='word_1_463' title='bbox 729 2530 972 2564; x_wconf 87' lang='lat' dir='ltr'>Olomucensis.</span> <span class='ocrx_word' id='word_1_464' title='bbox 1012 2532 1064 2574; x_wconf 84' lang='lat' dir='ltr'>qui</span> <span class='ocrx_word' id='word_1_465' title='bbox 1103 2539 1162 2574; x_wconf 91' lang='lat' dir='ltr'>pro</span> <span class='ocrx_word' id='word_1_466' title='bbox 1193 2533 1343 2574; x_wconf 90' lang='lat' dir='ltr'>tempore</span> <span class='ocrx_word' id='word_1_467' title='bbox 1372 2528 1469 2561; x_wconf 89' lang='lat' dir='ltr'>fuerit</span> <span class='ocrx_word' id='word_1_468' title='bbox 1498 2533 1529 2561; x_wconf 91' lang='lat' dir='ltr'>et</span> <span class='ocrx_word' id='word_1_469' title='bbox 1558 2532 1655 2574; x_wconf 86' lang='lat' dir='ltr'>prout</span> <span class='ocrx_word' id='word_1_470' title='bbox 1684 2530 1896 2561; x_wconf 89' lang='lat' dir='ltr'>consciencie</span> <span class='ocrx_word' id='word_1_471' title='bbox 1934 2539 1993 2561; x_wconf 87' lang='lat' dir='ltr'>sue</span> 
     </span>
     <span class='ocr_line' id='line_1_41' title="bbox 136 2588 1993 2635; baseline -0.001 -13"><span class='ocrx_word' id='word_1_472' title='bbox 136 2600 195 2634; x_wconf 90' lang='lat' dir='ltr'>pro</span> <span class='ocrx_word' id='word_1_473' title='bbox 224 2592 333 2623; x_wconf 84' lang='lat' dir='ltr'>anime</span> <span class='ocrx_word' id='word_1_474' title='bbox 363 2589 507 2624; x_wconf 80' lang='lat' dir='ltr'>defuncti</span> <span class='ocrx_word' id='word_1_475' title='bbox 543 2591 692 2625; x_wconf 90' lang='lat' dir='ltr'>remedio</span> <span class='ocrx_word' id='word_1_476' title='bbox 730 2590 895 2625; x_wconf 89' lang='lat' dir='ltr'>videbitur</span> <span class='ocrx_word' id='word_1_477' title='bbox 932 2589 1095 2623; x_wconf 88' lang='lat' dir='ltr'>salubrius</span> <span class='ocrx_word' id='word_1_478' title='bbox 1133 2589 1304 2635; x_wconf 88' lang='lat' dir='ltr'>expedire.</span> <span class='ocrx_word' id='word_1_479' title='bbox 1344 2588 1482 2634; x_wconf 89' lang='lat' dir='ltr'>Insuper</span> <span class='ocrx_word' id='word_1_480' title='bbox 1520 2588 1692 2624; x_wconf 67' lang='lat' dir='ltr'>adicimus,</span> <span class='ocrx_word' id='word_1_481' title='bbox 1731 2588 1818 2634; x_wconf 90' lang='lat' dir='ltr'>quod</span> <span class='ocrx_word' id='word_1_482' title='bbox 1856 2591 1882 2622; x_wconf 90' lang='lat' dir='ltr'>si</span> <span class='ocrx_word' id='word_1_483' title='bbox 1921 2591 1993 2633; x_wconf 91' lang='lat' dir='ltr'>quis</span> 
     </span>
    </p>
   </div>
   <div class='ocr_carea' id='block_1_4' title="bbox 293 2668 1279 2704">
    <p class='ocr_par' dir='ltr' id='par_1_4' title="bbox 293 2668 1279 2704">
     <span class='ocr_line' id='line_1_42' title="bbox 293 2668 1279 2704; baseline -0.003 -9"><span class='ocrx_word' id='word_1_484' title='bbox 293 2669 322 2701; x_wconf 46' lang='grc' dir='ltr'>ᾖ&gt;</span> <span class='ocrx_word' id='word_1_485' title='bbox 349 2669 416 2695; x_wconf 80' lang='lat' dir='ltr'>Hier</span> <span class='ocrx_word' id='word_1_486' title='bbox 439 2670 549 2695; x_wconf 75' lang='lat' dir='ltr'>seheint</span> <span class='ocrx_word' id='word_1_487' title='bbox 574 2671 618 2695; x_wconf 77' lang='lat' dir='ltr'>eiu</span> <span class='ocrx_word' id='word_1_488' title='bbox 643 2671 740 2704; x_wconf 80' lang='lat' dir='ltr'>lapsus</span> <span class='ocrx_word' id='word_1_489' title='bbox 766 2671 866 2696; x_wconf 79' lang='lat' dir='ltr'>ealaini</span> <span class='ocrx_word' id='word_1_490' title='bbox 892 2670 940 2695; x_wconf 74' lang='lat' dir='ltr'>des</span> <span class='ocrx_word' id='word_1_491' title='bbox 965 2669 1127 2695; x_wconf 58' lang='lat' dir='ltr'>§elireihers</span> <span class='ocrx_word' id='word_1_492' title='bbox 1152 2677 1185 2692; x_wconf 69' lang='lat' dir='ltr'>xii</span> <span class='ocrx_word' id='word_1_493' title='bbox 1211 2668 1279 2693; x_wconf 80' lang='lat' dir='ltr'>sein,</span> 
     </span>
    </p>
   </div>
  </div>
 </body>
</html>
