2336 3074
1012 224 1085 259 205

119 330 232 363 literas
261 328 409 375 prefatus
438 329 548 363 Drzco
579 329 782 373 transscribi,
813 330 996 375 exemplari
1034 340 1093 364 seu
1132 333 1308 364 transsuini
1343 343 1382 365 ac
1420 334 1451 365 in
1489 331 1629 366 formam
1668 331 1832 378 publicam
1870 331 1977 375 redigi

119 393 220 436 peciit
261 393 458 424 auctoritate
499 394 613 424 nostra
656 390 823 423 ordinaria
862 395 893 424 et
937 390 1085 433 decreto,
1128 402 1170 424 ne
1207 394 1334 436 parium
1373 395 1468 438 copia
1506 404 1585 426 casu
1624 393 1759 427 fortuitu
1798 395 1976 425 amittatur.

119 450 188 485 Nos
217 454 328 496 itaque
356 451 481 485 Borsso
511 450 661 484 officialis
690 451 857 496 predictus
886 454 968 485 visis
998 455 1029 485 et
1058 451 1234 496 diligenter
1261 454 1418 498 inspectis
1439 454 1565 487 eisdem
1594 454 1697 488 literis
1727 458 1759 487 et
1787 456 1866 499 ipsis
1886 455 1978 486 veris

119 515 152 544 et
180 510 306 556 absque
334 511 397 544 ulla
427 513 616 556 suspicione
645 514 803 557 reputatis
833 516 864 545 et
899 511 1047 546 eiusdem
1077 511 1240 545 Drzconis
1278 516 1505 557 procuratoris
1535 517 1691 559 peticioni
1720 518 1832 560 utpote
1860 516 1974 547 racio—

118 571 217 605 nabili
246 576 430 605 annuentes
450 571 598 617 prefatas
626 571 739 605 literas
768 575 947 606 transsumi
975 576 1007 606 et
1036 571 1229 606 transscribi
1258 573 1451 607 mandamus
1472 585 1531 619 per
1551 574 1737 608 Johannem
1759 574 1800 608 de
1826 574 1976 608 Hostima

118 634 282 666 notarium
313 631 477 677 publicum
507 631 753 677 infrascriptum
783 632 937 666 volentes
966 637 998 666 et
1027 637 1143 666 tenore
1159 636 1369 678 presencium
1391 633 1624 677 11000111011105,
1646 635 1732 680 quod
1753 638 1977 680 transsumpto

120 692 306 727 huiusmodi
335 692 493 738 deinceps
533 695 564 726 in
593 692 745 727 omnibus
774 697 807 726 et
834 704 895 739 per
922 695 1032 727 onmia
1066 693 1163 738 plena
1201 692 1282 727 fides
1318 693 1513 727 adhibeatur
1551 699 1615 728 tam
1652 698 1684 728 in
1717 695 1842 739 jiidicio
1878 706 1975 740 quain

119 757 214 787 extra
250 755 334 787 sicut
368 752 585 797 originalibus
624 753 727 787 literis
765 753 939 787 antedictis
975 757 1148 799 ipsumque
1186 758 1444 800 transsumptum
1483 754 1579 789 fidem
1620 755 1717 789 faciat
1755 759 1787 789 in
1825 756 1977 800 agendis,

118 812 236 859 quibus
264 812 417 847 omnihus
446 817 477 847 et
507 813 646 858 singulis
675 818 821 848 nostram
851 817 1082 848 auctoritatem
1112 814 1313 848 ordinariam
1335 817 1574 860 interponimus
1604 820 1636 849 et
1652 816 1833 850 decretum.
1865 816 1979 850 Tenor

117 884 202 908 vero
232 874 392 907 dictarum
421 873 604 917 literarum,
634 874 674 908 de
704 873 821 919 quibus
850 877 1003 920 superius
1032 873 1065 907 fit
1094 877 1237 918 mencio,
1267 874 1308 908 de
1337 874 1445 909 verbo
1474 876 1513 909 ad
1535 876 1674 910 verbum
1697 879 1846 922 sequitur
1875 881 1908 910 et
1928 881 1979 910 est

118 933 210 968 talis:
242 933 383 978 „Petrus
412 933 464 967 dei
494 938 526 967 et
554 934 737 980 apostolice
766 936 854 969 sedis
883 937 997 979 gracia
1019 937 1196 980 episcopus
1217 935 1503 969 Luthomuslensis
1523 936 1780 971 notumfaciinus
1810 939 1978 971 universis

118 998 181 1028 etc.
211 993 331 1028 Datum
360 994 572 1029 Luthomussl
601 1005 688 1028 anno
725 994 766 1028 ab
803 997 1039 1029 incarnacione
1078 995 1202 1029 domini
1240 995 1414 1029 millesimo
1453 999 1690 1031 trecentesimo
1728 1000 1977 1043 septuagesimo

117 1057 237 1100 primo,
267 1055 413 1089 secunda
443 1054 526 1088 feria
555 1057 587 1088 in
615 1055 731 1099 vigilia
764 1058 945 1089 nativitatis
983 1058 1088 1090 sancti
1115 1055 1278 1090 Johannis
1308 1055 1456 1102 Baptiste
1493 1067 1533 1090 ac
1570 1060 1714 1091 martiris
1752 1056 1978 1103 gloriosi.“*)

121 1135 164 1138 —
195 1114 232 1148 In
261 1125 401 1159 quorum
431 1117 575 1148 omnium
605 1118 828 1149 testimonium
858 1120 890 1149 et
924 1115 1026 1150 robur
1063 1127 1204 1162 presens
1243 1121 1501 1162 transsumptum
1537 1117 1660 1151 exinde
1693 1129 1754 1163 per
1790 1117 1978 1151 Johannem

116 1175 158 1209 de
186 1174 336 1208 Hostima
364 1178 528 1209 notarium
558 1174 804 1221 infrascriptum
835 1175 935 1210 scribi
964 1180 997 1209 et
1025 1176 1186 1222 publicari
1216 1177 1447 1211 mandavimus
1476 1182 1508 1210 et
1531 1178 1641 1222 sigillo
1671 1177 1867 1212 officialatus
1889 1181 1980 1212 curie

116 1234 412 1281 archiepiscopalis
441 1235 621 1280 Pragensis
650 1236 811 1282 predicte,
841 1248 905 1282 quo
942 1237 982 1270 ad
1013 1241 1141 1283 tempus
1170 1239 1303 1280 utimur,
1333 1240 1538 1283 appensione
1572 1239 1732 1282 jussimus
1770 1240 1979 1272 communiri.

116 1296 236 1330 Datum
266 1300 298 1329 et
325 1301 435 1329 actum
464 1295 573 1341 Prage
601 1299 634 1330 in
672 1299 872 1331 consistorio
910 1301 1002 1331 curie
1039 1297 1220 1342 Pragensis
1258 1309 1344 1331 anno
1381 1309 1397 1331 a
1434 1301 1607 1332 nativitate
1645 1298 1768 1333 domini
1805 1299 1980 1333 millesimo

116 1359 353 1391 trecentesimo
382 1359 612 1402 octuagesimo
641 1360 761 1403 prim0‚
790 1358 978 1392 indiccione
1007 1362 1122 1404 quarta
1161 1358 1214 1391 die
1242 1358 1320 1392 XX.
1351 1361 1475 1392 mensis
1514 1358 1734 1404 Septembris.
1765 1359 1847 1393 hora
1887 1362 1980 1404 quasi

116 1419 306 1460 terciarum‚
335 1416 545 1462 pontificatus
574 1420 774 1452 sanctissimi
810 1421 843 1451 in
873 1417 1005 1452 Christo
1033 1421 1135 1464 patris
1173 1423 1206 1452 et
1243 1419 1365 1452 domini
1402 1421 1506 1453 nostri
1545 1419 1668 1453 domini
1705 1419 1831 1453 Urbani
1870 1419 1980 1453 divina

115 1477 333 1523 providencia
371 1488 455 1523 pape
483 1477 540 1511 VI.
580 1488 666 1511 anno
705 1483 833 1523 quarto.
890 1478 1104 1513 Presentibus
1142 1478 1392 1513 honorabilibus
1431 1483 1463 1512 et
1501 1478 1655 1513 discretis
1693 1482 1774 1514 viris
1812 1482 1980 1524 magistris

116 1536 272 1571 Conrado
302 1538 342 1571 de
370 1537 510 1575 Braclis,
531 1537 717 1571 Laurencio
747 1538 787 1572 de
816 1538 927 1584 Brega
949 1539 1126 1582 advocato,
1146 1538 1274 1572 Jacobo
1295 1539 1335 1573 de
1356 1539 1515 1582 Budvicz3
1538 1538 1689 1585 Symone
1710 1539 1750 1573 de
1771 1539 1976 1583 slawieticz‚

115 1597 388 1643 procuratoribus
418 1601 605 1631 consistorii
640 1599 792 1643 predicti,
821 1598 961 1633 Nicolao
992 1599 1032 1633 de
1060 1599 1179 1645 Hayna
1218 1604 1344 1643 actore,
1374 1598 1513 1633 Nicolao
1552 1599 1592 1633 de
1629 1599 1803 1634 Masczow
1839 1602 1977 1634 notariis

115 1657 255 1704 publicis
284 1658 422 1692 testibus
451 1661 540 1692 circa
570 1661 732 1704 premissa
761 1658 825 1693 fide
855 1660 974 1704 dignis.

271 1718 312 1752 Et
341 1730 406 1764 ego
435 1718 606 1752 Johannes
634 1718 735 1753 Blasii
771 1720 811 1753 de
840 1719 989 1754 Hostima
1019 1720 1161 1754 clericus
1198 1719 1378 1765 Pragensis
1416 1720 1572 1756 diocesis.
1602 1719 1752 1766 publicus
1781 1723 1978 1754 auctoritate

116 1779 280 1825 imperiali
309 1783 458 1813 notarius
488 1783 551 1813 010.

429 1857 520 1892 (Ori'g.
546 1859 628 1892 Perg.
653 1867 689 1883 au
714 1859 844 1892 Pergam.
870 1858 993 1885 Streifen
1017 1859 1044 1884 h.
1069 1858 1126 1893 sig.
1152 1859 1181 1884 iu
1206 1859 1260 1885 den
1283 1858 1379 1885 Akten
1404 1859 1452 1885 des
1477 1859 1624 1885 Olmiitzer
1648 1859 1769 1894 August.
1787 1860 1919 1886 Klosters
1943 1860 1980 1885 im

532 1909 788 1944 Landesarcliive.)

996 2056 1105 2091 ⁶232.

117 2157 223 2191 Pabst
247 2157 365 2191 Urban
392 2157 447 2192 ΓΙ.
470 2159 585 2192 m‘nemt
613 2159 668 2192 (lie
691 2158 1113 2192 Ce'sterz-ienser-Klo'ster
1142 2160 1203 2193 der
1223 2159 1357 2203 Praqer
1385 2161 1454 2193 mad
1485 2160 1658 2193 Olme'ttzer
1685 2159 1837 2194 Dio'zese
1863 2171 1974 2204 909011

117 2218 173 2252 die
202 2218 453 2252 Prdtensionea
482 2220 541 2252 des
570 2219 705 2263 Ριά9οι·
734 2218 980 2264 Ε1’;·111“30110[”03
1008 2221 1041 2252 in
1071 2218 1199 2253 Sclaettz
1228 2221 1296 2253 11111]
1324 2220 1466 2263 wldar-4
1497 2221 1577 2254 dass
1613 2222 1676 2254 den
1705 2220 1839 2264 Ps-aqer
1874 2220 1974 2254 Επε-

116 2278 294 2323 biscleofen
340 2291 403 2312 aus
446 2280 519 2313 dem
561 2279 647 2313 Titel
684 2281 777 2313 eines
816 2279 949 2323 leqatus
987 2283 1089 2313 natas
1130 2279 1207 2317 110111
1245 2280 1357 2314 Reclet
1402 2281 1550 2319 sustelie„
1590 2282 1645 2314 1]ἱο
1683 2280 1868 2314 Eremmon
1916 2281 1975 2314 des

404 2339 822 2374 Cisterz-e‘enser-Ordens
851 2343 1066 2374 auwtasten.
1124 2339 1182 2374 Dt.
1213 2340 1300 2374 Rom
1331 2341 1362 2374 2.
1399 2340 1548 2374 Oktober
1578 2340 1688 2375 1381.

271 2423 444 2477 Urbanus
473 2446 649 2489 episcopus
686 2455 806 2478 servus
844 2454 1020 2477 servorum
1049 2443 1101 2476 dei
1130 2443 1170 2476 ad
1200 2442 1341 2476 futuram
1380 2446 1429 2476 rei
1457 2446 1665 2477 memoriam.
1721 2443 1792 2487 His,
1821 2455 1882 2490 per
1910 2455 1974 2489 que

116 2506 254 2537 materia
278 2505 467 2548 jurgiorum
496 2515 536 2537 30
554 2504 665 2537 licium
695 2504 863 2538 anfractus
883 2506 969 2537 inter
998 2514 1159 2549 personas
1180 2503 1426 2537 ecclesiasticas
1455 2507 1487 2536 et
1506 2506 1681 2549 presertim
1711 2503 1770 2538 sub
1803 2505 1975 2549 religionis

116 2562 228 2597 habitu
257 2563 390 2597 domino
418 2563 595 2598 militantes
624 2563 752 2598 facilius
773 2567 891 2598 evitari
919 2566 1058 2610 possint.
1088 2563 1229 2597 libenter
1258 2563 1456 2597 intendimus
1477 2568 1507 2597 et
1538 2563 1579 2597 ad
1608 2574 1659 2607 ea,
1690 2569 1845 2610 quantum
1880 2564 1976 2599 nobis

271 2689 301 2727 ᾧ)
326 2692 408 2719 810110
433 2694 476 2719 dic
500 2694 665 2728 Nachtriige
690 2703 724 2719 zu
750 2695 854 2720 diesem
880 2694 986 2720 Bande.
