2336 3074
1271 220 1344 252 350

375 335 436 355 nou
468 330 576 368 poc-<et
617 336 677 356 uec
708 323 858 356 deberet.
903 334 963 368 per
1001 328 1111 356 certas
1149 335 1227 356 suas
1265 324 1376 357 literas
1411 326 1505 356 citari
1547 325 1621 357 fecit
1663 328 1690 356 ct
1732 326 1843 357 citavit
1876 327 1906 357 in
1936 328 2062 357 certum
2093 324 2178 358 diem
2209 329 2241 358 ct

373 388 544 416 terminum
569 387 828 428 pereuiptnwimn
846 388 1102 428 competentem.
1129 384 1160 417 ln
1174 387 1393 429 quotermnm
1410 388 1608 429 procurator
1625 387 1855 429 procuratorio
1874 387 2007 418 nomine
2028 385 2103 418 dicti
2120 385 2241 418 domini

371 444 496 475 aldum<
519 445 636 476 dietam
662 444 789 475 literam
815 447 987 476 citacionis
1009 449 1184 477 exi-cutam
1204 449 1379 489 reportans
1400 449 1429 476 et
1454 447 1482 477 in
1501 444 1626 487 judicio
1648 449 1885 489 representans
1906 448 2088 490 comparuit
2112 450 2144 478 ct
2165 445 2240 478 (11011

374 505 482 535 fratris
513 504 632 536 λ91115131
665 515 725 536 nec
757 515 816 548 per
845 516 881 535 se
912 515 973 536 uec
1008 504 1105 537 alium
1143 507 1368 549 comparentis
1407 507 1650 537 contumaciam
1689 508 1861 538 :iecusavit
1891 510 2006 550 petens
2046 508 2150 550 ipsum
2181 517 2240 550 per

372 566 490 596 dietum
523 565 689 596 dominiuu
721 564 897 596 officialem
930 569 958 597 et
991 568 1152 598 vicarium
1184 570 1331 598 nostrum
1364 567 1575 610 pronunciari
1606 569 1637 597 et
1666 565 1829 598 declarari
1866 569 1895 598 in
1935 577 2038 610 penas
2076 577 2240 610 compro—

373 627 459 656 missi
492 628 561 668 ipso
594 624 679 656 facto
717 625 883 657 incidisse.
924 625 996 669 lpse
1035 628 1144 670 itaque
1175 628 1320 659 vicarius
1359 630 1388 657 et
1420 625 1571 658 oftieialis
1610 630 1725 658 noster
1755 626 1874 659 dictmn
1907 627 2042 659 fratrem
2074 626 2238 659 Sdislamu

373 695 474 727 usque
496 684 534 716 ad
558 684 673 717 lioram
698 685 890 721 legittimam
913 689 942 717 ct
966 685 1048 718 ultra
1079 691 1282 731 exspectaus
1312 698 1374 719 uec
1400 697 1458 731 per
1487 698 1524 718 sc
1552 697 1613 718 uec
1635 686 1733 718 alium
1755 691 2007 731 comparentem
2037 698 2095 719 seu
2116 686 2236 731 aliquid

371 745 569 780 allegantem
601 748 778 789 reputavit.
811 749 904 789 prout
937 750 1020 779 crat.
1050 751 1280 779 commum-cm
1312 751 1344 779 et
1372 749 1402 779 iu
1433 749 1504 779 cius
1533 749 1775 779 contumaciam
1801 747 1974 789 injudicio
1996 758 2055 792 pro
2087 746 2239 780 tribunali

371 804 492 837 sedens
528 808 759 849 pronunciavit
797 811 825 837 ct
868 806 1049 839 declaravit
1089 807 1295 852 sepedictum
1336 807 1471 840 fratrem
1502 806 1667 839 Sdislaum
1708 809 1737 840 in
1767 818 1871 852 penas
1906 809 2138 852 compromissi
2169 810 2240 852 ipso

373 865 459 897 facto
482 865 658 898 incidisse:
689 876 752 909 (pie
778 866 909 910 ‹piidem
932 869 1171 911 pronunciando
1192 868 1278 900 nulla
1301 867 1530 912 appellaciouc
1550 878 1711 912 suspensa
1733 870 1885 900 transivit
1907 870 1937 900 in
1959 879 2028 900 rem
2051 867 2238 901 iudicatam.

372 925 625 970 Subsequenter
670 929 769 962 miuu-
804 930 917 971 petivit
956 932 1153 972 procurato}=
1191 930 1424 973 procuratorio
1463 930 1597 960 nominc
1636 927 1759 960 domini
1794 926 1923 960 abbatis
1966 928 2117 973 predicti,
2164 938 2238 961 cum

373 989 456 1018 iuter
486 990 617 1019 ceteras
647 998 750 1031 penas
772 991 987 1032 preexprcssi
1010 990 1241 1032 compromissi
1264 999 1347 1033 pena
1370 990 1573 1032 privat-ionis
1593 987 1746 1020 beneficii
1768 990 1869 1033 ipsius
1891 988 2010 1021 Sdislai
2038 988 2240 1034 specialitem

373 1051 402 1078 ut
434 1049 643 1091 premittitur.
675 1049 914 1080 contineretur.
945 1052 1107 1092 quatenus
1138 1048 1223 1081 idem
1250 1048 1402 1081 dominus
1423 1051 1570 1081 vicarius
1590 1053 1623 1081 ct
1643 1048 1794 1081 officialis
1815 1053 1930 1081 noster
1949 1049 1988 1081 ad
2011 1051 2240 1094 privacioncm

372 1106 523 1139 beneficii
555 1111 669 1139 contra
700 1107 821 1140 dietum
855 1108 989 1140 fratrem
1022 1108 1186 1141 Sdislaum
1219 1109 1404 1153 procedere
1425 1108 1630 1145 diffiniretur.
1668 1109 1730 1149 Qui
1760 1109 1892 1153 quidem
1913 1109 2065 1142 dominus
2095 1111 2241 1142 vicarius

372 1172 401 1200 ct
433 1167 584 1200 officialis
615 1172 730 1201 noster
760 1169 798 1201 ad
831 1171 1024 1202 instanciam
1056 1169 1130 1202 dicti
1162 1172 1389 1214 procuratoris
1420 1172 1524 1214 ipsum
1557 1169 1691 1202 fratrem
1723 1168 1888 1202 Sdislaum
1927 1169 1966 1202 ad
1997 1169 2175 1202 videndum
2203 1179 2241 1203 se

371 1230 496 1273 privari
526 1226 689 1261 beneficio
720 1233 749 1261 et
781 1229 923 1261 ecclesia
954 1241 1012 1262 sua
1044 1230 1190 1275 predicta
1220 1230 1274 1262 vel
1305 1230 1480 1263 dicendum
1511 1241 1645 1262 causam
1682 1229 1931 1265 racionabilcim
1972 1241 2031 1263 cur
2069 1229 2134 1263 1100
2171 1229 2240 1264 lieri

372 1299 436 1321 uon
467 1287 616 1321 deberet.
648 1291 742 1322 citari
774 1289 848 1322 fecit
880 1294 909 1322 ct
945 1293 1058 1324 citavit
1096 1293 1322 1335 peremptorie
1359 1293 1388 1323 in
1429 1290 1526 1323 alium
1566 1290 1651 1324 diem
1694 1295 1726 1323 ct
1763 1293 1938 1324 terminum
1978 1294 2237 1336 competentem.

373 1351 446 1388 Quo
486 1348 686 1381 adveniente
725 1354 755 1382 ct
795 1355 1016 1394 procuratore
1054 1354 1286 1396 prm-aratorio
1324 1353 1458 1384 nominc
1497 1351 1621 1384 domini
1658 1350 1786 1385 abbatis
1824 1351 1962 1396 predicti
2007 1362 2120 1384 coram
2168 1354 2239 1396 ipso

372 1409 505 1441 domiuo
543 1408 697 1442 Johauue
742 1412 871 1442 vicario
916 1415 947 1443 et
994 1410 1127 1444 officiali
1173 1415 1289 1444 nostro
1335 1422 1394 1456 pro
1437 1410 1588 1444 tribumdi
1625 1411 1764 1445 sedente
1802 1415 2019 1456 comparente
2057 1411 2238 1461 literasque

373 1472 544 1501 eitaeismis
574 1469 724 1514 predicte
754 1475 915 1503 executas
936 1476 1190 1516 representante
1220 1476 1252 1504 et
1280 1471 1356 1504 dicti
1388 1472 1499 1505 fratris
1521 1471 1640 1505 Sdislai
1661 1483 1726 1505 uon
1748 1474 1972 1517 comparentis
1997 1474 2240 1505 contumaciam

372 1534 562 1562 accusante.
607 1533 722 1574 petivit
762 1530 847 1563 idem
887 1536 1086 1576 procurator
1121 1543 1182 1578 per
1219 1532 1361 1565 eundem
1398 1532 1565 1565 dominum
1601 1532 1778 1565 oflicialem
1818 1537 1849 1565 et
1888 1534 2049 1565 vicarium
2088 1536 2237 1565 nostrum

371 1594 589 1622 uwmoratum
622 1590 756 1623 fratrem
789 1590 955 1624 Silislaum
987 1592 1058 1625 fore
1088 1596 1120 1625 et
1149 1603 1224 1625 esse
1253 1592 1451 1638 privandum
1483 1603 1542 1625 suo
1573 1592 1735 1626 beneficio
1766 1597 1797 1625 et
1826 1592 1969 1626 ecclesia
2000 1595 2031 1625 in
2061 1591 2240 1626 Tasowicz

372 1651 548 1684 antedicta.
596 1654 809 1696 pronunciari
849 1656 877 1685 et
918 1664 956 1685 ea
996 1656 1132 1698 privari.
1191 1653 1307 1686 Dictus
1349 1656 1460 1698 itaque
1504 1656 1650 1686 vicarius
1693 1657 1725 1686 ct
1767 1653 1918 1686 officialis
1961 1657 2076 1686 noster
2118 1653 2239 1686 dictum

373 1712 506 1743 fratrem
539 1711 704 1744 Sdislaum
735 1715 869 1745 citatum
900 1724 965 1746 nou
995 1717 1246 1758 comparentem
1275 1724 1339 1747 nec
1367 1716 1509 1747 termino
1547 1713 1734 1747 huiusmodi
1764 1714 2024 1747 satisfacientem
2062 1716 2241 1759 reputavit,

371 1775 467 1816 prout
505 1776 587 1804 crat.
627 1776 858 1805 contumacem
899 1778 929 1806 et
968 1776 999 1806 in
1037 1776 1108 1807 eius
1146 1777 1389 1807 contumaciam
1428 1776 1512 1807 visis
1554 1779 1585 1807 et
1623 1777 1822 1807 examinatis
1860 1786 1974 1809 coram
2010 1786 2051 1808 eo
2089 1777 2171 1808 actis
2209 1778 2242 1807 ct

372 1831 541 1876 productis
584 1835 829 1876 pronunciavit.
879 1833 1031 1867 decrevit
1074 1838 1105 1867 et
1148 1834 1331 1867 declaravit
1379 1834 1563 1879 sepefatum
1611 1834 1748 1868 fratrem
1788 1834 1953 1869 Sdislaum
1998 1834 2162 1869 beneficio
2209 1838 2242 1867 et

372 1891 515 1924 ecclesia
555 1903 612 1924 sua
650 1895 679 1925 iu
721 1892 917 1926 Tassovvicz
961 1894 1063 1927 fuisse
1101 1895 1175 1928 fore
1209 1899 1241 1928 et
1278 1906 1354 1928 esse
1391 1894 1608 1940 privandumg
1664 1899 1868 1928 sentenciam
1911 1907 1995 1929 vero
2037 1897 2242 1941 privacionis

372 1951 558 1984 huiusmodi
596 1952 692 1985 nobis
728 1952 826 1986 Petro
867 1954 918 1987 dei
954 1958 1068 1998 gracia
1108 1958 1268 2000 episcopo
1307 1954 1523 1988 Olomucensi
1568 1958 1760 1989 reservavit
1796 1960 1829 1988 et
1866 1959 2004 1990 remisit.
2044 1955 2240 1990 Huiusmodi

371 2015 481 2056 itaque
511 2016 761 2046 reservat-ionis
795 2018 824 2046 et
856 2017 1063 2048 remissionis
1093 2018 1216 2048 virtute
1253 2015 1403 2061 prefatus
1441 2019 1640 2061 procurator
1676 2019 1910 2061 procuratorio
1947 2019 2081 2050 nomine
2117 2016 2241 2049 domini

371 2071 498 2105 abbatis
528 2072 668 2117 predicti
699 2084 812 2107 coram
844 2074 940 2108 uobis
970 2078 1166 2109 constitutus
1196 2087 1269 2109 cum
1297 2078 1457 2109 instancia
1479 2076 1688 2121 supplicavit„
1718 2081 1751 2109 ut
1771 2076 1811 2110 ad
1831 2077 2014 2122 predictam
2038 2078 2242 2122 privacionis

371 2135 576 2165 sentenciam
594 2134 782 2178 procedere
798 2145 939 2179 eamque
960 2135 1050 2168 ferre
1072 2140 1103 2169 et
1119 2135 1239 2169 dictum
1262 2135 1398 2169 fratrem
1417 2136 1582 2170 Sdislaum
1602 2135 1766 2170 beneficio
1787 2147 1847 2170 suo
1867 2139 1992 2182 privari
2013 2137 2239 2181 dignaremur.

370 2192 441 2226 Nos
472 2198 594 2227 extunc
625 2194 663 2226 ad
694 2194 813 2239 prefati
842 2199 1072 2240 procuratoris
1107 2198 1302 2229 instanciam
1341 2196 1477 2229 fratrem
1509 2196 1674 2229 Sdislaum
1710 2197 1894 2242 predictum
1925 2197 1965 2230 ad
1994 2197 2173 2231 videndum
2209 2200 2242 2229 et

372 2253 570 2287 audiendum
620 2265 680 2299 per
717 2265 778 2288 nos
815 2258 847 2288 in
886 2255 1073 2289 huiusmodi
1112 2267 1212 2288 031153
1251 2255 1458 2289 diffinitivam
1497 2256 1577 2289 ferri
1614 2260 1819 2290 sentenciam
1863 2268 1923 2302 per
1961 2262 2071 2291 certas
2108 2261 2240 2291 nostras

371 2314 482 2347 literas
504 2317 598 2347 citari
620 2315 851 2349 mandavimus
881 2320 911 2349 et
942 2316 1082 2349 fecimus
1111 2316 1151 2349 ad
1181 2320 1307 2349 certum
1337 2319 1598 2361 peremptorium
1625 2319 1801 2350 terminum
1823 2322 2082 2362 competentem,
2113 2317 2240 2351 scilicet

370 2374 408 2406 ad
441 2374 525 2407 diem
557 2380 587 2408 et
618 2374 734 2409 horam
766 2376 904 2409 inferius
939 2381 1125 2412 annotatas.
1165 2387 1246 2421 quas
1284 2375 1344 2409 sibi
1383 2381 1415 2409 et
1443 2379 1529 2421 parti
1558 2387 1617 2409 sue
1646 2377 1685 2410 ad
1715 2377 1801 2410 idem
1832 2377 1986 2411 duximus
2017 2377 2239 2411 statuendum.

370 2433 496 2474 Quibus
527 2435 688 2479 siquidem
720 2436 772 2469 die
802 2441 833 2469 et
863 2436 947 2470 hora
978 2436 1234 2471 advenientibus
1273 2441 1490 2482 comparente
1528 2447 1641 2470 coram
1677 2436 1772 2470 nobis
1808 2440 1840 2470 in
1867 2438 1992 2481 jiidicio
2021 2441 2241 2483 procuratore

369 2498 601 2538 procuratorio
632 2499 767 2529 nomine
797 2497 966 2542 predictus
996 2501 1027 2530 et
1063 2497 1139 2530 dicti
1178 2496 1289 2530 fratris
1320 2497 1440 2530 Sdistai
1470 2508 1513 2530 ex
1551 2497 1695 2530 adverso
1733 2501 1834 2541 citati‚
1863 2503 1898 2531 ut
1925 2500 2136 2543 premittitur,
2175 2507 2241 2530 non

370 2558 593 2598 comparentis
624 2567 686 2588 nec
717 2559 748 2589 in
770 2556 833 2589 hac
854 2568 955 2590 causa
976 2568 1036 2602 per
1055 2568 1117 2590 nos
1138 2556 1344 2590 diffinitivam
1366 2560 1571 2590 sentenciam
1588 2557 1668 2590 ferri
1689 2558 1804 2591 audire
1824 2561 1970 2591 curantis
1996 2560 2240 2591 contumaciam

371 2619 550 2647 accusante
580 2620 609 2647 ct
641 2618 672 2648 in
702 2619 804 2661 ipsius
833 2619 1076 2650 contumaciam
1107 2616 1315 2650 diffinitivam
1345 2620 1549 2651 sentenciam
1588 2628 1648 2663 pro
1687 2628 1724 2651 se
1760 2622 1791 2651 et
1827 2623 1922 2663 parte
1960 2629 2018 2651 sua
2057 2622 2090 2651 et
2123 2622 2239 2651 contra

371 2677 499 2718 partein
529 2673 590 2707 sihi
621 2675 799 2709 adversam
829 2687 890 2721 per
918 2688 979 2710 nos
1009 2677 1088 2710 ferri
1118 2681 1151 2710 et
1179 2677 1383 2722 promulgari
1418 2680 1580 2711 instanter
1616 2678 1824 2723 postulante:
1863 2689 1925 2712 nos
1962 2677 2079 2711 Petrus
2116 2677 2169 2710 dei
2207 2681 2239 2710 et
