2336 3074
1003 202 1076 237 343

101 305 245 345 Luczka,
275 305 472 339 Proczkone
501 306 542 339 de
570 305 806 350 Wildenherg.
826 306 980 340 Johanne
1009 307 1049 340 de
1070 307 1263 343 Lombnicz.
1285 308 1459 342 Alsehonc
1489 309 1528 342 de
1551 308 1736 355 Cymhurg,
1758 309 1971 344 Dobesschio

104 366 145 400 de
181 366 392 411 Mezirziecz⁷
428 365 597 400 Bohuslao
640 366 680 400 de
722 366 908 405 Perustein,
948 367 1144 401 Proczkone
1187 368 1227 402 de
1269 367 1442 408 Clluilstah
1481 369 1658 404 Jarosehio
1697 370 1737 404 de
1784 370 1969 416 Cymburg7

103 426 256 461 Johanne
285 427 326 461 de
353 426 566 469 Mezirzieez.
595 426 736 460 Alberto
775 427 815 460 de
844 427 1059 471 Mislihoriez‚
1089 428 1267 462 Jursicone
1297 429 1337 462 de
1366 429 1523 473 Vetovia,
1554 430 1652 464 Petro
1692 431 1732 464 de
1772 430 1961 476 Sternberg

99 487 196 521 Petro
227 487 267 521 de
296 487 484 531 Btunumw,
513 487 675 521 Benessio
705 487 745 521 de
775 486 952 523 Chrawar.
981 489 1082 522 Jesco
1111 489 1217 523 Pusca
1247 489 1287 523 de
1317 489 1465 533 Cunstat„
1497 490 1638 525 Albcrto
1677 491 1717 525 de
1746 491 1890 526 Vetovia
1929 497 1962 526 et

98 548 168 581 aliis
197 558 294 593 quan]
324 547 472 594 pluribus
509 551 541 581 in
579 551 713 581 civitate
751 547 939 582 Brunnensi
977 549 1036 582 suit
1074 552 1165 582 iuxta
1199 552 1391 595 antiquitatn
1430 551 1704 585 consuetudinem
1743 551 1959 586 celebratum.

99 607 157 642 Cui
172 608 307 642 illustris
324 608 472 642 marchio
489 608 640 642 dominus
659 608 807 642 Jodoeus
824 619 887 642 una
913 621 985 642 cum
1005 609 1107 643 fratre
1131 620 1191 643 suo
1218 610 1350 644 domino
1366 610 1530 657 Procopio
1554 612 1776 657 personaliter
1800 613 1962 647 interfuit.

409 686 481 721 (Aus
505 687 555 712 der
577 687 752 721 gedruekten
777 688 906 713 Briinner
931 688 1105 723 Landtafel.)

984 894 1091 930 3³33.

97 997 202 1030 Alma
230 1008 295 1030 von
324 997 502 1040 Faustam,
531 990 687 1030 Abte’sse‘n
719 997 778 1030 cles
810 997 968 1030 Klosters
999 999 1031 1030 2⁶12
1065 997 1238 1039 Oslawan,
1269 998 1444 1040 bestimmt,
1467 1000 1548 1032 dass
1577 1000 1632 1033 die
1652 1000 1705 1033 ilar
1735 1000 1965 1034 z-nstehenden

99 1056 124 1089 6
151 1057 254 1090 Mar-lt
283 1069 347 1091 aas
376 1058 449 1091 dem
478 1056 592 1102 Dorfe
620 1057 826 1091 Milz-manns
856 1058 942 1091 nach
975 1058 1080 1092 Herem
1105 1058 1197 1092 Tode
1226 1060 1300 1092 dem
1321 1059 1463 1093 Isloster
1486 1060 1649 1093 Oslawcm
1671 1060 1821 1104 zufallen
1841 1061 1962 1094 sollen.

814 1118 872 1151 Dt.
906 1119 937 1152 7.
968 1119 1102 1152 .l[1'1mer
1134 1119 1244 1153 1386.

260 1201 308 1256 ln
337 1225 472 1256 nomine
501 1222 624 1256 domini
653 1233 762 1257 amen.
794 1222 959 1264 Quoniam
988 1227 1170 1267 generacio
1200 1227 1338 1270 preterit
1392 1229 1425 1258 et
1452 1227 1635 1270 generacio
1665 1225 1801 1258 advenit
1820 1225 1962 1270 plurima

97 1287 234 1329 propter
261 1282 497 1317 hebetudinem
526 1286 692 1316 mencinm
722 1295 740 1316 a
770 1286 931 1317 memoria
961 1283 1130 1317 hominum
1166 1284 1353 1329 elabuntur,
1383 1288 1484 1329 igitur
1521 1296 1586 1330 ego
1622 1286 1721 1319 Anna
1760 1285 1800 1319 (le
1829 1285 1964 1319 Villen—

97 1346 181 1378 stain
210 1346 404 1377 monasterii
433 1342 661 1377 Osslaviensis
691 1343 857 1378 abbatissa
886 1348 999 1377 notum
1038 1344 1124 1378 facio
1163 1349 1280 1378 tenore
1318 1348 1529 1391 presencium
1567 1348 1747 1383 universis„
1777 1346 1863 1391 quod
1902 1348 1964 1380 iste

97 1415 160 1438 sex
189 1415 301 1437 marce
330 1403 477 1437 redditus
507 1407 539 1437 in
567 1404 645 1437 villa
674 1403 851 1448 Yezmans,
881 1416 962 1450 quas
992 1404 1163 1450 hucusque
1192 1409 1281 1439 tenui
1310 1405 1415 1439 libere
1444 1411 1476 1440 et
1514 1410 1545 1440 in
1575 1418 1653 1441 usus
1682 1409 1836 1452 proprios
1866 1410 1961 1441 annis

96 1463 234 1509 singulis
263 1463 414 1498 absolute
443 1467 592 1510 percepi,
622 1469 696 1510 post
726 1470 865 1498 mortem
897 1477 1004 1499 meam
1041 1466 1163 1499 cedere
1193 1465 1315 1499 debent
1343 1470 1524 1501 conventui
1562 1472 1594 1501 et
1623 1478 1720 1512 quam
1760 1470 1824 1501 cito
1864 1467 1966 1501 fuerit

95 1525 244 1570 predicta
273 1535 336 1559 sex
365 1535 553 1558 marcarum
582 1536 711 1558 summa
741 1526 910 1571 expedita,
940 1529 1048 1560 statim
1079 1526 1243 1560 dilacione
1263 1530 1445 1572 postposita
1476 1539 1514 1561 ac
1540 1530 1612 1561 sine
1633 1528 1856 1562 diininucione
1877 1531 1963 1562 inter

95 1589 196 1618 totum
236 1585 337 1619 dividi
375 1585 473 1619 debet
511 1590 727 1629 conventum,
764 1591 862 1632 prout
899 1589 1004 1620 eciam
1043 1590 1075 1620 in
1111 1587 1228 1620 litteris
1265 1587 1452 1633 patentibus
1488 1593 1520 1621 et
1557 1588 1825 1634 primordialibus
1862 1599 1964 1634 super

94 1645 219 1679 eisdem
250 1656 313 1679 sex
341 1648 462 1679 marcis
491 1657 612 1680 census
642 1646 825 1680 dinoscitur
853 1648 981 1692 plenius
1011 1650 1186 1690 contineri,
1216 1650 1258 1681 ita
1289 1648 1535 1685 nichilominus„
1556 1653 1590 1682 ut
1609 1649 1697 1683 nulla
1718 1649 1963 1683 abbatissarum

95 1705 321 1757 qualicunque
345 1708 480 1739 inventa
510 1709 690 1740 occasione
719 1707 826 1750 aliter,
856 1719 954 1752 quam
984 1712 1018 1741 ut
1045 1707 1274 1753 prescribitur,
1304 1709 1551 1754 quomodolibet
1583 1720 1657 1743 eum
1687 1709 1814 1743 eisdem
1843 1710 1964 1743 audeat

94 1766 299 1812 dispensare.
330 1766 366 1799 In
396 1769 488 1799 cuius
517 1769 566 1800 rei
595 1770 817 1801 testimonium
848 1772 879 1801 et
908 1767 1010 1801 robur
1038 1768 1145 1813 sigilla
1175 1772 1239 1802 mei
1269 1768 1369 1803 officii
1398 1773 1568 1815 proprium
1599 1775 1630 1803 et
1659 1774 1846 1804 conventus
1875 1781 1960 1815 pre-

93 1826 242 1860 sentibus
271 1827 367 1861 solita
396 1831 471 1861 sunt
499 1838 658 1873 appensa.
697 1827 911 1862 Presentibus
941 1828 1190 1862 honorabilibus
1220 1834 1252 1862 et
1281 1830 1447 1875 religiosis
1482 1833 1566 1864 viris
1603 1830 1736 1864 domino
1773 1830 1901 1864 Jacobo
1930 1835 1963 1864 et

94 1887 227 1921 domino
256 1887 405 1933 Philippo
435 1891 511 1920 tuuc
540 1890 663 1921 nostris
698 1887 962 1926 confessoribus,
993 1888 1126 1922 domino
1155 1888 1295 1923 Nicolao
1333 1889 1474 1936 plebano
1513 1889 1704 1924 Oslaviensi
1740 1895 1817 1924 tunc
1846 1895 1961 1924 nostro

93 1950 263 1994 preposito
293 1952 325 1981 et
353 1947 487 1981 domino
516 1947 656 1982 Nicolao
685 1953 800 1982 nostro
830 1949 1002 1995 capellano
1032 1952 1167 1983 seniori.
1212 1949 1313 1984 Anno
1343 1950 1466 1984 domini
1502 1951 1676 1984 millesimo
1708 1949 1808 1984 CCCO
1837 1955 1960 1984 octua—

93 2011 223 2053 gesimo
252 2013 362 2052 sexto,
392 2011 531 2054 septima
561 2008 614 2042 die
643 2012 767 2043 mensis
796 2008 956 2043 Januarii.

405 2087 495 2121 (Orig.
521 2088 538 2112 2
564 2096 599 2112 an
624 2088 705 2121 Perg.
730 2088 852 2114 Streifen
876 2089 902 2113 h.
927 2088 984 2122 sig.
1010 2089 1046 2114 im
1072 2089 1201 2115 Briinuer
1225 2089 1446 2123 Statim-chive.)

975 2284 1082 2320 384.

315 2386 507 2432 Ero'fftmnq
535 2388 594 2421 des
627 2388 799 2421 Olmez'tz-er
828 2387 1064 2422 Landrechtes
1093 2389 1199 2423 durch
1229 2390 1293 2423 den
1322 2388 1550 2434 Marquafen
1579 2389 1725 2434 Proltop.

729 2448 829 2482 Nacli
858 2449 931 2482 dem
962 2448 1019 2482 13.
1050 2449 1184 2483 Jcitmer
1214 2449 1324 2483 1386.

250 2532 366 2584 Anno
409 2550 532 2585 domini
574 2551 748 2585 millesimo
791 2551 1076 2586 CCCLXXXVIto
1121 2557 1195 2598 post
1236 2558 1390 2587 octavam
1434 2553 1610 2599 epiphanie
1653 2553 1858 2587 celebratum
1901 2558 1954 2588 est

91 2610 290 2656 colloquium
321 2610 485 2645 Olomucii
513 2612 723 2657 presentibus
762 2615 977 2646 serenissimo
1015 2616 1164 2658 principe
1199 2614 1332 2648 domino
1370 2614 1533 2660 Procopio
1572 2614 1766 2648 marchione
1799 2614 1954 2648 Moravie

90 2673 278 2715 ceterisque
306 2670 487 2705 baronibus
516 2676 549 2705 et
576 2672 740 2706 nobilibus
769 2672 1001 2718 infrascriptis,
1022 2673 1066 2706 W
1072 2672 1182 2707 okone
1212 2674 1252 2707 de
1273 2673 1414 2709 Crawar
1443 2677 1630 2708 camerario
1659 2685 1829 2720 supremo„
1856 2674 1953 2708 Unka
