2336 3074
1250 214 1297 247 to

1235 345 1309 378 ⁴⁸.

997 448 1092 481 1:370·
1121 447 1194 480 Jule·
1222 446 1283 480 21.
1317 445 1373 479 Dt.
1406 444 1562 478 :lac-lieu.

502 526 567 577 R.
600 544 741 576 Wenzet
774 543 939 580 tii-statuet
972 543 1030 575 der
1060 543 1152 575 Stadt
1185 540 1325 575 Aaclien
1355 540 1418 573 alle
1449 540 1662 585 l'rivilegicn.
1711 540 1816 574 Unter
1845 540 1909 574 den
1937 540 2096 587 Zeugcn:
2131 540 2206 576 Jo-

347 606 481 637 doen>-
513 603 710 637 marchio
743 604 957 637 Moravie.

654 682 865 715 rNYeizs-*iickerz
892 681 1149 713 lleichstagsakten
1177 681 1196 705 l.
1222 689 1248 713 p.
1278 679 1357 713 lTT.)

1238 825 1312 860 4³).

397 931 577 963 Ii'olomuu.
609 930 730 964 I’robs!
759 931 817 964 des
848 931 1059 973 ,lnymle'ner
1099 928 1412 972 Fleorlterrnsleftes
1442 929 1475 961 ίιι
1507 927 1852 973 lsloster-Neetbmy,
1883 928 2063 973 [ibertrciqt
2097 929 2153 963 die

391 991 584 1035 palistlivlw
622 991 818 1024 tollium-let.
857 992 919 1024 den
959 990 1068 1023 Streil
1105 988 1267 1022 zwe'svlwll
1312 989 1385 1022 dem
1416 988 1737 1033 Kartln'tssuserprior
1774 990 1805 1022 in
1844 989 2051 1034 lfflniysfeld
2084 990 2153 1024 med

396 1053 467 1085 dem
505 1051 648 1085 Prole—te
688 1063 748 1084 rou
791 1052 998 1084 lsumrozrik·
1037 1062 1076 1083 zu
1106 1049 1336 1091 eulseltee'dcn,
1375 1050 1443 1094 aelf
1465 1049 1527 1083 den
1564 1049 1636 1082 ΑΜ
1669 1050 1729 1083 der
1763 1048 1930 1083 Sclaotten
1967 1051 2001 1083 in
2039 1048 2149 1084 VVien.

904 1111 960 1144 ΠΙ.
994 1111 1047 1144 ΚΙ.
1080 1110 1244 1153 λέιιὺιινςχ
1274 1109 1332 1143 17.
1365 1108 1503 1154 Septbr.
1537 1109 1646 1143 1376.

499 1187 768 1240 sliotoinannus
798 1206 850 1239 dei
879 1208 993 1250 gracia
1024 1208 1211 1251 prepositus
1241 1207 1480 1239 canonicorum
1510 1204 1715 1249 regularium
1745 1204 1890 1239 ecclesie
1909 1204 2204 1250 Newnburgensis

341 1267 465 1301 ordinis
494 1271 599 1301 sancti
629 1268 819 1305 Augustini.
850 1266 1056 1300 Pataviensis
1085 1266 1241 1309 diocesis„
1271 1269 1495 1299 conservator
1530 1265 1569 1298 ad
1599 1265 1809 1311 infrascripta
1847 1276 1865 1299 a
1903 1265 1984 1300 sede
2022 1266 2204 1312 apostolica

341 1340 413 1361 cum
445 1328 599 1361 clausulis
633 1327 858 1373 sequentibus„
889 1327 970 1361 locis
1009 1331 1041 1361 et
1074 1329 1230 1373 personis
1269 1326 1394 1360 ordinis
1433 1325 1670 1369 Cartusiensis7
1706 1325 1914 1361 Jaurinensis
1953 1331 1986 1360 et
2023 1326 2204 1372 Pragensis

341 1392 587 1433 provinciarum
618 1393 647 1422 et
678 1389 820 1421 diocesis
851 1388 1036 1433 deputatus
1066 1386 1252 1422 venerabili
1282 1389 1313 1420 in
1341 1386 1474 1421 Christo
1495 1389 1579 1432 patri
1600 1386 1733 1420 domino
1755 1413 1762 1420 .
1785 1413 1792 1420 .
1816 1414 1822 1420 .
1847 1414 1853 1421 .
1884 1386 1994 1421 abbati
2023 1386 2203 1422 Scotorum

339 1449 550 1482 wiennensi.
581 1449 706 1482 ordinis
735 1451 839 1481 sancti
869 1448 1053 1483 Benedicti.
1084 1448 1170 1481 dicte
1200 1447 1409 1481 Pataviensis
1444 1447 1600 1490 diocesis„
1630 1447 1769 1480 salutem
1799 1449 1831 1480 in
1861 1447 1995 1481 domino
2026 1452 2059 1482 et
2090 1447 2202 1481 infra-

339 1513 471 1555 scriptis
501 1512 620 1542 nostris
651 1509 812 1542 mandatis
841 1512 870 1541 et
901 1511 1015 1542 verius
1045 1508 1236 1554 apostolicis
1257 1507 1395 1541 firmiter
1416 1506 1565 1541 obedire.
1596 1506 1768 1541 Noveritis
1788 1518 1849 1541 nos
1870 1507 1982 1542 literas
2002 1508 2204 1554 apostolicas

341 1573 509 1615 recepisse
539 1574 748 1603 reverenter.
779 1580 917 1614 quarum
947 1571 1144 1614 principium
1173 1573 1289 1602 sonat:
1323 1566 1533 1613 „Gregorius
1563 1570 1741 1613 episcopus
1770 1578 1891 1601 servus
1921 1579 2099 1602 servorum
2137 1568 2203 1612 dei,

340 1630 587 1663 venerabilibus
626 1629 841 1663 fratribus..
866 1656 872 1662 .
910 1629 1072 1674 l‘ragensi
1110 1634 1141 1663 et
1175 1628 1366 1662 Jaurinensi
1406 1631 1572 1674 episcopis
1601 1639 1641 1662 ac
1679 1628 1799 1662 dilecto
1837 1627 1903 1662 filio
2031 1631 2202 1675 preposito

339 1690 482 1723 ecclesie
511 1689 798 1734 Neunlmfflensis.
830 1689 1037 1723 l‘ataviensis
1067 1689 1222 1730 diocesis„
1252 1688 1391 1722 salutem
1422 1693 1453 1722 et
1482 1689 1700 1734 apostolicam
1728 1687 2015 1722 benediccionem.
2051 1688 2203 1723 Militanti

340 1750 482 1783 ecclesie
513 1750 585 1783 licet
616 1753 768 1783 immeriti
799 1749 995 1794 disponente
1025 1749 1158 1783 domino
1188 1749 1398 1795 presidentes
1427 1749 1517 1783 etc.“
1555 1748 1595 1782 ad
1625 1759 1706 1793 quas
1745 1748 1877 1794 quidem
1907 1749 2019 1783 literas
2048 1760 2111 1783 vos
2140 1760 2203 1783 re-

341 1813 495 1843 mittimus
525 1815 553 1843 et
585 1810 793 1855 presentibus
824 1810 948 1843 habere
978 1810 1132 1844 volumus
1166 1821 1226 1856 pro
1256 1812 1401 1852 insertis,
1439 1809 1554 1842 finiunt
1583 1813 1692 1842 autem
1730 1811 1798 1843 sic:
1848 1809 1993 1854 „Datum
2031 1810 2202 1844 Avinione

340 1870 383 1903 lv
416 1870 528 1903 Nonas
557 1870 642 1903 Julii.
674 1870 881 1915 pontificatus
911 1873 1014 1904 nostri
1043 1882 1130 1904 anno
1161 1870 1347 1904 secundo.“
1396 1869 1522 1912 Quibus
1551 1869 1655 1903 literis
1684 1872 1765 1903 visis
1795 1874 1827 1903 et
1856 1870 2035 1914 diligenter
2063 1870 2203 1904 auscul-

341 1933 414 1963 tatis
444 1933 612 1975 proposuit
644 1930 736 1963 nobis
766 1930 968 1964 venerabilis
997 1933 1050 1964 vir
1079 1931 1231 1964 dominus
1269 1930 1452 1966 Gotfridus.
1482 1933 1574 1976 prior
1612 1930 1728 1964 domus
1768 1932 1799 1963 in
1838 1929 2060 1975 Chunigsvelt
2096 1941 2202 1976 prope

340 1990 506 2023 Brunnam
537 1991 661 2024 ordinis
691 1991 924 2024 Cartusiensis.
948 1992 1180 2025 Olomucensis
1211 1992 1367 2029 diocesis„
1389 1991 1475 2036 quod
1497 1991 1675 2035 religiosus
1698 1993 1750 2024 vir
1771 1990 1982 2036 Styl)oslaus‚
2013 1994 2202 2037 prepositus

341 2054 370 2084 in
401 2051 501 2084 Lulia.
525 2051 647 2084 ordinis
669 2055 771 2085 sancti
793 2052 976 2088 Bonedicm
1001 2052 1234 2086 Olomucensis
1255 2052 1412 2094 diocesis,
1435 2063 1496 2097 per
1515 2051 1696 2085 violentam
1719 2055 1750 2084 et
1770 2054 1962 2085 iniuriosam
1993 2051 2202 2085 ablacionem

338 2111 543 2155 quorundam
574 2122 732 2156 equorum
764 2115 975 2145 iniuriaretur
1005 2113 1125 2147 eidem.
1155 2117 1272 2158 petens
1310 2112 1371 2146 sihi
1401 2116 1431 2145 et
1461 2111 1605 2145 ecclesie
1643 2122 1702 2145 sue
1740 2114 1938 2145 auctoritate
1973 2111 2122 2157 predicta
2160 2112 2202 2146 de

339 2174 463 2203 iusticia
494 2172 662 2216 provideri
692 2183 730 2205 ac
761 2173 896 2217 procedi
927 2177 1092 2218 tamquam
1130 2184 1231 2219 super
1264 2175 1395 2206 notorio
1425 2172 1619 2217 simpliciter
1647 2176 1679 2204 et
1708 2171 1748 2205 de
1777 2171 1887 2217 plano,
1917 2174 2094 2217 presertim
2124 2183 2199 2206 cum

339 2231 559 2275 probat-iones
588 2231 713 2265 habere
743 2243 778 2265 se
808 2237 935 2265 asserat
965 2238 1098 2278 paratas
1128 2237 1159 2267 in
1190 2235 1383 2266 continenti.
1414 2232 1484 2266 Nos
1512 2234 1614 2276 igitur
1642 2234 1675 2265 in
1705 2231 1849 2265 diversis
1878 2234 2031 2277 occupati
2060 2235 2093 2266 in
2112 2243 2198 2278 pre-

339 2290 432 2323 dictis
462 2292 646 2336 procedere
676 2303 740 2325 non
771 2293 921 2326 valentes
951 2297 1139 2339 paternitati
1169 2298 1284 2328 vestre
1314 2296 1546 2326 auctoritatem
1579 2296 1727 2326 nostram
1758 2294 1789 2325 in
1819 2291 1881 2326 hac
1909 2297 2005 2338 parte
2033 2295 2066 2326 in
2096 2296 2199 2326 totum

339 2355 570 2385 committimus
610 2357 639 2385 et
679 2352 947 2397 subdeleoamus.
978 2354 1074 2388 vobis
1110 2354 1228 2388 eadem
1262 2356 1460 2387 auctoritate
1497 2364 1558 2399 per
1594 2355 1958 2386 excommunicacionis
1994 2355 2200 2387 sentenciam

340 2414 559 2447 iniuimentes.
590 2417 751 2457 quatenus
781 2413 890 2446 debite
919 2417 1066 2459 requisiti
1107 2426 1301 2448 ammonere
1338 2425 1398 2448 seu
1427 2417 1531 2447 citare
1569 2415 1693 2446 curetis
1731 2413 1873 2446 eundem
1907 2412 2123 2458 Styboslaum
2160 2424 2201 2446 ac

339 2471 419 2503 alias
449 2472 588 2504 eumlem
619 2473 657 2505 ad
688 2476 935 2507 restitue-ionem
970 2485 1082 2507 rerum
1113 2479 1143 2508 et
1180 2474 1449 2508 satisfaccionem
1480 2474 1697 2519 dampnorum
1737 2473 1953 2519 compellere,
1982 2477 2080 2519 prout
2117 2473 2200 2507 ordo

339 2533 417 2563 iuris
447 2531 618 2564 dictaverit
649 2537 678 2564 et
710 2536 863 2566 racionis.
896 2533 1014 2566 Datum
1046 2539 1075 2567 et
1116 2539 1222 2568 actum
1252 2534 1472 2579 Newnburge
1502 2534 1584 2568 feria
1613 2533 1670 2568 IV.
1701 2538 1776 2580 post
1811 2533 2055 2567 exaltacionem
2084 2537 2201 2568 sancte

339 2593 447 2623 crucis
476 2602 562 2623 auno
592 2592 713 2624 domini
744 2593 916 2625 millesimo
947 2598 1183 2627 trecentesimo
1213 2598 1462 2640 septuagesimo
1491 2599 1600 2628 sexto.

648 2670 777 2703 &Inserirt
802 2671 829 2695 iu
855 2671 903 2696 der
929 2671 1063 2697 lfrkuinle
1088 2672 1136 2697 (les
1161 2672 1385 2698 Scliotteuabten
1412 2674 1508 2698 Donat
1539 2672 1603 2698 ddoss
1630 2673 1657 2700 9,
1684 2672 1841 2698 Dezember
1876 2672 1966 2701 1376,
1991 2672 2056 2697 Vid.
2080 2681 2107 2697 u.
2133 2671 2199 2706 54.)
