<?xml version="1.0" encoding="UTF-8"?>
<!DOCTYPE html PUBLIC "-//W3C//DTD XHTML 1.0 Transitional//EN"
    "http://www.w3.org/TR/xhtml1/DTD/xhtml1-transitional.dtd">
<html xmlns="http://www.w3.org/1999/xhtml" xml:lang="en" lang="en">
 <head>
  <title>
</title>
<meta http-equiv="Content-Type" content="text/html;charset=utf-8" />
  <meta name='ocr-system' content='tesseract 3.04.00' />
  <meta name='ocr-capabilities' content='ocr_page ocr_carea ocr_par ocr_line ocrx_word'/>
</head>
<body>
  <div class='ocr_page' id='page_1' title='image "./codexdiplomaticu11morauoft_0423.png"; bbox 0 0 2336 3074; ppageno 0'>
   <div class='ocr_carea' id='block_1_1' title="bbox 994 184 1130 238">
    <p class='ocr_par' dir='ltr' id='par_1_1' title="bbox 994 184 1130 238">
     <span class='ocr_line' id='line_1_1' title="bbox 994 184 1130 238; baseline 0 -20"><span class='ocrx_word' id='word_1_1' title='bbox 994 184 1130 238; x_wconf 12' lang='grc'>39977-</span> 
     </span>
    </p>
   </div>
   <div class='ocr_carea' id='block_1_2' title="bbox 102 285 1963 1121">
    <p class='ocr_par' dir='ltr' id='par_1_2' title="bbox 102 285 1963 1121">
     <span class='ocr_line' id='line_1_2' title="bbox 102 285 1960 335; baseline -0.002 -12"><span class='ocrx_word' id='word_1_2' title='bbox 102 292 238 334; x_wconf 85' lang='lat' dir='ltr'>assigno</span> <span class='ocrx_word' id='word_1_3' title='bbox 280 301 340 335; x_wconf 87' lang='lat' dir='ltr'>per</span> <span class='ocrx_word' id='word_1_4' title='bbox 378 293 545 323; x_wconf 85' lang='lat' dir='ltr'>rectorem</span> <span class='ocrx_word' id='word_1_5' title='bbox 587 292 660 323; x_wconf 73' lang='lat' dir='ltr'>sive</span> <span class='ocrx_word' id='word_1_6' title='bbox 702 289 881 322; x_wconf 82' lang='lat' dir='ltr'>altaristain</span> <span class='ocrx_word' id='word_1_7' title='bbox 920 288 1066 322; x_wconf 74' lang='lat' dir='ltr'>ciusdem</span> <span class='ocrx_word' id='word_1_8' title='bbox 1105 288 1217 321; x_wconf 86' lang='lat' dir='ltr'>altaris</span> <span class='ocrx_word' id='word_1_9' title='bbox 1254 298 1314 332; x_wconf 85' lang='lat' dir='ltr'>pro</span> <span class='ocrx_word' id='word_1_10' title='bbox 1351 292 1500 333; x_wconf 81' lang='lat' dir='ltr'>tempore</span> <span class='ocrx_word' id='word_1_11' title='bbox 1546 289 1714 333; x_wconf 67' lang='lat' dir='ltr'>perpetuis</span> <span class='ocrx_word' id='word_1_12' title='bbox 1757 285 1960 332; x_wconf 82' lang='lat' dir='ltr'>temporibus</span> 
     </span>
     <span class='ocr_line' id='line_1_3' title="bbox 103 347 1961 395; baseline -0.002 -11"><span class='ocrx_word' id='word_1_13' title='bbox 103 350 293 387; x_wconf 33' lang='lat' dir='ltr'>tenendum*</span> <span class='ocrx_word' id='word_1_14' title='bbox 329 349 516 383; x_wconf 88' lang='lat' dir='ltr'>habendum</span> <span class='ocrx_word' id='word_1_15' title='bbox 547 354 579 383; x_wconf 90' lang='lat' dir='ltr'>et</span> <span class='ocrx_word' id='word_1_16' title='bbox 607 349 862 395; x_wconf 71' lang='lat' dir='ltr'>possidendum3</span> <span class='ocrx_word' id='word_1_17' title='bbox 901 349 1015 382; x_wconf 85' lang='lat' dir='ltr'>mediis</span> <span class='ocrx_word' id='word_1_18' title='bbox 1054 354 1164 382; x_wconf 83' lang='lat' dir='ltr'>tamen</span> <span class='ocrx_word' id='word_1_19' title='bbox 1193 354 1225 382; x_wconf 89' lang='lat' dir='ltr'>et</span> <span class='ocrx_word' id='word_1_20' title='bbox 1253 348 1504 383; x_wconf 79' lang='lat' dir='ltr'>condicionibus</span> <span class='ocrx_word' id='word_1_21' title='bbox 1534 348 1766 393; x_wconf 58' lang='lat' dir='ltr'>infrascriptis„</span> <span class='ocrx_word' id='word_1_22' title='bbox 1803 347 1961 380; x_wconf 72' lang='lat' dir='ltr'>videlieet</span> 
     </span>
     <span class='ocr_line' id='line_1_4' title="bbox 104 409 1960 456; baseline -0.002 -13"><span class='ocrx_word' id='word_1_23' title='bbox 104 411 189 456; x_wconf 87' lang='lat' dir='ltr'>quod</span> <span class='ocrx_word' id='word_1_24' title='bbox 221 411 367 443; x_wconf 84' lang='lat' dir='ltr'>altarista</span> <span class='ocrx_word' id='word_1_25' title='bbox 397 410 544 443; x_wconf 73' lang='lat' dir='ltr'>eiusdem</span> <span class='ocrx_word' id='word_1_26' title='bbox 575 410 698 446; x_wconf 73' lang='lat' dir='ltr'>altaris.</span> <span class='ocrx_word' id='word_1_27' title='bbox 737 412 791 454; x_wconf 85' lang='grc'><strong>(1111</strong></span> <span class='ocrx_word' id='word_1_28' title='bbox 820 421 879 455; x_wconf 88' lang='grc'><strong>111-11</strong></span> <span class='ocrx_word' id='word_1_29' title='bbox 919 414 1068 455; x_wconf 86' lang='lat' dir='ltr'>tempore</span> <span class='ocrx_word' id='word_1_30' title='bbox 1107 409 1216 452; x_wconf 65' lang='lat' dir='ltr'>fuerit,</span> <span class='ocrx_word' id='word_1_31' title='bbox 1254 409 1392 453; x_wconf 80' lang='lat' dir='ltr'>siugulis</span> <span class='ocrx_word' id='word_1_32' title='bbox 1428 411 1521 442; x_wconf 85' lang='lat' dir='ltr'>annis</span> <span class='ocrx_word' id='word_1_33' title='bbox 1559 412 1590 441; x_wconf 94' lang='grc'>111</span> <span class='ocrx_word' id='word_1_34' title='bbox 1629 412 1824 454; x_wconf 76' lang='lat' dir='ltr'>perpetuum</span> <span class='ocrx_word' id='word_1_35' title='bbox 1864 417 1960 441; x_wconf 88' lang='lat' dir='ltr'>unam</span> 
     </span>
     <span class='ocr_line' id='line_1_5' title="bbox 106 467 1960 516; baseline -0.002 -12"><span class='ocrx_word' id='word_1_36' title='bbox 106 482 252 504; x_wconf 88' lang='lat' dir='ltr'>marcam</span> <span class='ocrx_word' id='word_1_37' title='bbox 281 481 477 515; x_wconf 77' lang='lat' dir='ltr'>grossorum</span> <span class='ocrx_word' id='word_1_38' title='bbox 508 471 547 504; x_wconf 89' lang='lat' dir='ltr'>de</span> <span class='ocrx_word' id='word_1_39' title='bbox 578 470 738 504; x_wconf 85' lang='lat' dir='ltr'>fructibus</span> <span class='ocrx_word' id='word_1_40' title='bbox 768 470 916 504; x_wconf 86' lang='lat' dir='ltr'>eiusdem</span> <span class='ocrx_word' id='word_1_41' title='bbox 944 472 1054 516; x_wconf 57' lang='lat' dir='ltr'>bvinee</span> <span class='ocrx_word' id='word_1_42' title='bbox 1092 469 1234 515; x_wconf 85' lang='lat' dir='ltr'>capitulo</span> <span class='ocrx_word' id='word_1_43' title='bbox 1265 468 1478 503; x_wconf 85' lang='grc'><strong>0100111001151</strong></span> <span class='ocrx_word' id='word_1_44' title='bbox 1513 468 1573 502; x_wconf 91' lang='lat' dir='ltr'>sub</span> <span class='ocrx_word' id='word_1_45' title='bbox 1608 480 1691 514; x_wconf 85' lang='grc'><strong>111-1111</strong></span> <span class='ocrx_word' id='word_1_46' title='bbox 1731 471 1841 502; x_wconf 90' lang='grc'><strong>51311111</strong></span> <span class='ocrx_word' id='word_1_47' title='bbox 1881 467 1960 501; x_wconf 84' lang='lat' dir='ltr'>darc</span> 
     </span>
     <span class='ocr_line' id='line_1_6' title="bbox 103 529 1958 576; baseline -0.002 -11"><span class='ocrx_word' id='word_1_48' title='bbox 103 536 135 565; x_wconf 87' lang='lat' dir='ltr'>et</span> <span class='ocrx_word' id='word_1_49' title='bbox 155 531 290 565; x_wconf 81' lang='lat' dir='ltr'>solvere</span> <span class='ocrx_word' id='word_1_50' title='bbox 321 536 482 569; x_wconf 70' lang='lat' dir='ltr'>teneatur,</span> <span class='ocrx_word' id='word_1_51' title='bbox 513 531 666 576; x_wconf 88' lang='lat' dir='ltr'>quamdiu</span> <span class='ocrx_word' id='word_1_52' title='bbox 696 534 827 573; x_wconf 74' lang='lat' dir='ltr'>vixero,</span> <span class='ocrx_word' id='word_1_53' title='bbox 859 529 1132 564; x_wconf 80' lang='lat' dir='ltr'>interessentibus</span> <span class='ocrx_word' id='word_1_54' title='bbox 1161 529 1270 563; x_wconf 79' lang='lat' dir='ltr'>officio</span> <span class='ocrx_word' id='word_1_55' title='bbox 1300 532 1332 563; x_wconf 95' lang='lat' dir='ltr'>in</span> <span class='ocrx_word' id='word_1_56' title='bbox 1356 529 1408 562; x_wconf 79' lang='lat' dir='ltr'>die</span> <span class='ocrx_word' id='word_1_57' title='bbox 1430 529 1858 571; x_wconf 68' lang='grc'><strong>0111511010531101113110011,</strong></span> <span class='ocrx_word' id='word_1_58' title='bbox 1888 533 1958 573; x_wconf 89' lang='lat' dir='ltr'>post</span> 
     </span>
     <span class='ocr_line' id='line_1_7' title="bbox 104 589 1963 636; baseline -0.002 -11"><span class='ocrx_word' id='word_1_59' title='bbox 104 596 244 625; x_wconf 77' lang='lat' dir='ltr'>mortem</span> <span class='ocrx_word' id='word_1_60' title='bbox 275 602 358 625; x_wconf 86' lang='lat' dir='ltr'>vero</span> <span class='ocrx_word' id='word_1_61' title='bbox 388 603 494 625; x_wconf 90' lang='lat' dir='ltr'>meam</span> <span class='ocrx_word' id='word_1_62' title='bbox 524 594 556 624; x_wconf 95' lang='lat' dir='ltr'>in</span> <span class='ocrx_word' id='word_1_63' title='bbox 586 592 637 625; x_wconf 87' lang='grc'><strong>1110</strong></span> <span class='ocrx_word' id='word_1_64' title='bbox 667 590 774 624; x_wconf 86' lang='lat' dir='ltr'>obitus</span> <span class='ocrx_word' id='word_1_65' title='bbox 804 593 867 624; x_wconf 83' lang='lat' dir='ltr'>mci</span> <span class='ocrx_word' id='word_1_66' title='bbox 896 602 955 636; x_wconf 94' lang='lat' dir='ltr'>pro</span> <span class='ocrx_word' id='word_1_67' title='bbox 985 592 1217 624; x_wconf 76' lang='lat' dir='ltr'>anniversario</span> <span class='ocrx_word' id='word_1_68' title='bbox 1246 601 1321 623; x_wconf 76' lang='grc'><strong>0101)</strong></span> <span class='ocrx_word' id='word_1_69' title='bbox 1352 589 1622 623; x_wconf 75' lang='lat' dir='ltr'>distribuendam.</span> <span class='ocrx_word' id='word_1_70' title='bbox 1663 589 1748 622; x_wconf 78' lang='lat' dir='ltr'>Volo</span> <span class='ocrx_word' id='word_1_71' title='bbox 1785 592 1889 622; x_wconf 83' lang='lat' dir='ltr'>eciam</span> <span class='ocrx_word' id='word_1_72' title='bbox 1931 593 1963 622; x_wconf 84' lang='lat' dir='ltr'>et</span> 
     </span>
     <span class='ocr_line' id='line_1_8' title="bbox 104 649 1963 697; baseline -0.002 -12"><span class='ocrx_word' id='word_1_73' title='bbox 104 663 267 697; x_wconf 73' lang='lat' dir='ltr'>expresse</span> <span class='ocrx_word' id='word_1_74' title='bbox 296 657 475 697; x_wconf 76' lang='lat' dir='ltr'>protestor.</span> <span class='ocrx_word' id='word_1_75' title='bbox 511 652 596 696; x_wconf 86' lang='lat' dir='ltr'>quod</span> <span class='ocrx_word' id='word_1_76' title='bbox 627 655 654 685; x_wconf 90' lang='lat' dir='ltr'>si</span> <span class='ocrx_word' id='word_1_77' title='bbox 684 651 804 684; x_wconf 90' lang='lat' dir='ltr'>dictum</span> <span class='ocrx_word' id='word_1_78' title='bbox 835 651 949 688; x_wconf 65' lang='lat' dir='ltr'>altareq</span> <span class='ocrx_word' id='word_1_79' title='bbox 988 650 1142 695; x_wconf 83' lang='lat' dir='ltr'>quamdiu</span> <span class='ocrx_word' id='word_1_80' title='bbox 1171 652 1203 683; x_wconf 91' lang='lat' dir='ltr'>in</span> <span class='ocrx_word' id='word_1_81' title='bbox 1232 652 1298 683; x_wconf 77' lang='lat' dir='ltr'>vita</span> <span class='ocrx_word' id='word_1_82' title='bbox 1329 649 1436 686; x_wconf 70' lang='lat' dir='ltr'>suero„</span> <span class='ocrx_word' id='word_1_83' title='bbox 1475 649 1573 682; x_wconf 90' lang='grc'><strong>11110111</strong></span> <span class='ocrx_word' id='word_1_84' title='bbox 1603 649 1783 683; x_wconf 78' lang='lat' dir='ltr'>aufferetur</span> <span class='ocrx_word' id='word_1_85' title='bbox 1811 650 1865 683; x_wconf 82' lang='lat' dir='ltr'>vel</span> <span class='ocrx_word' id='word_1_86' title='bbox 1903 660 1963 695; x_wconf 85' lang='lat' dir='ltr'>per</span> 
     </span>
     <span class='ocr_line' id='line_1_9' title="bbox 107 709 1962 758; baseline -0.001 -13"><span class='ocrx_word' id='word_1_87' title='bbox 107 712 204 746; x_wconf 90' lang='lat' dir='ltr'>alium</span> <span class='ocrx_word' id='word_1_88' title='bbox 234 715 428 758; x_wconf 79' lang='lat' dir='ltr'>impetretur</span> <span class='ocrx_word' id='word_1_89' title='bbox 456 712 511 745; x_wconf 86' lang='lat' dir='ltr'>vel</span> <span class='ocrx_word' id='word_1_90' title='bbox 540 722 749 757; x_wconf 73' lang='lat' dir='ltr'>quomimque</span> <span class='ocrx_word' id='word_1_91' title='bbox 779 711 876 745; x_wconf 89' lang='lat' dir='ltr'>modo</span> <span class='ocrx_word' id='word_1_92' title='bbox 901 714 981 744; x_wconf 89' lang='lat' dir='ltr'>citra</span> <span class='ocrx_word' id='word_1_93' title='bbox 1012 714 1227 756; x_wconf 76' lang='lat' dir='ltr'>spontaneam</span> <span class='ocrx_word' id='word_1_94' title='bbox 1257 710 1461 743; x_wconf 84' lang='lat' dir='ltr'>voluntatem</span> <span class='ocrx_word' id='word_1_95' title='bbox 1493 721 1600 743; x_wconf 81' lang='lat' dir='ltr'>nicam</span> <span class='ocrx_word' id='word_1_96' title='bbox 1630 709 1670 743; x_wconf 86' lang='lat' dir='ltr'>dc</span> <span class='ocrx_word' id='word_1_97' title='bbox 1701 709 1850 743; x_wconf 90' lang='lat' dir='ltr'>manibus</span> <span class='ocrx_word' id='word_1_98' title='bbox 1880 712 1962 743; x_wconf 88' lang='lat' dir='ltr'>meis</span> 
     </span>
     <span class='ocr_line' id='line_1_10' title="bbox 104 769 1961 817; baseline -0.002 -11"><span class='ocrx_word' id='word_1_99' title='bbox 104 775 224 816; x_wconf 66' lang='lat' dir='ltr'>exii-et,</span> <span class='ocrx_word' id='word_1_100' title='bbox 254 773 338 806; x_wconf 84' lang='lat' dir='ltr'>adeo</span> <span class='ocrx_word' id='word_1_101' title='bbox 368 772 455 817; x_wconf 85' lang='lat' dir='ltr'>quod</span> <span class='ocrx_word' id='word_1_102' title='bbox 485 775 590 817; x_wconf 90' lang='lat' dir='ltr'>ipsum</span> <span class='ocrx_word' id='word_1_103' title='bbox 621 784 672 805; x_wconf 79' lang='lat' dir='ltr'>me</span> <span class='ocrx_word' id='word_1_104' title='bbox 702 774 912 816; x_wconf 81' lang='lat' dir='ltr'>contingeret</span> <span class='ocrx_word' id='word_1_105' title='bbox 939 782 1005 804; x_wconf 89' lang='lat' dir='ltr'>non</span> <span class='ocrx_word' id='word_1_106' title='bbox 1035 775 1161 813; x_wconf 68' lang='lat' dir='ltr'>tenere,</span> <span class='ocrx_word' id='word_1_107' title='bbox 1200 770 1287 815; x_wconf 90' lang='lat' dir='ltr'>quod</span> <span class='ocrx_word' id='word_1_108' title='bbox 1316 770 1411 813; x_wconf 73' lang='lat' dir='ltr'>absit,</span> <span class='ocrx_word' id='word_1_109' title='bbox 1449 770 1554 804; x_wconf 88' lang='lat' dir='ltr'>solum</span> <span class='ocrx_word' id='word_1_110' title='bbox 1591 769 1689 803; x_wconf 88' lang='lat' dir='ltr'>miclii</span> <span class='ocrx_word' id='word_1_111' title='bbox 1728 782 1803 804; x_wconf 86' lang='lat' dir='ltr'>esse</span> <span class='ocrx_word' id='word_1_112' title='bbox 1842 771 1961 804; x_wconf 87' lang='lat' dir='ltr'>dictam</span> 
     </span>
     <span class='ocr_line' id='line_1_11' title="bbox 104 831 1960 877; baseline -0.002 -10"><span class='ocrx_word' id='word_1_113' title='bbox 104 836 237 867; x_wconf 77' lang='lat' dir='ltr'>vineam</span> <span class='ocrx_word' id='word_1_114' title='bbox 268 832 366 866; x_wconf 89' lang='lat' dir='ltr'>michi</span> <span class='ocrx_word' id='word_1_115' title='bbox 396 833 528 866; x_wconf 82' lang='lat' dir='ltr'>tenendi</span> <span class='ocrx_word' id='word_1_116' title='bbox 558 843 617 877; x_wconf 89' lang='lat' dir='ltr'>pro</span> <span class='ocrx_word' id='word_1_117' title='bbox 648 843 719 865; x_wconf 82' lang='lat' dir='ltr'>inea</span> <span class='ocrx_word' id='word_1_118' title='bbox 742 832 879 865; x_wconf 82' lang='lat' dir='ltr'>utilitate</span> <span class='ocrx_word' id='word_1_119' title='bbox 899 835 954 864; x_wconf 83' lang='lat' dir='ltr'>aut</span> <span class='ocrx_word' id='word_1_120' title='bbox 973 831 1168 876; x_wconf 89' lang='lat' dir='ltr'>disponendi</span> <span class='ocrx_word' id='word_1_121' title='bbox 1189 831 1244 864; x_wconf 73' lang='lat' dir='ltr'>vel</span> <span class='ocrx_word' id='word_1_122' title='bbox 1264 831 1441 873; x_wconf 68' lang='lat' dir='ltr'>alienandi,</span> <span class='ocrx_word' id='word_1_123' title='bbox 1471 841 1668 875; x_wconf 87' lang='lat' dir='ltr'>quocunque</span> <span class='ocrx_word' id='word_1_124' title='bbox 1690 831 1786 864; x_wconf 92' lang='lat' dir='ltr'>modo</span> <span class='ocrx_word' id='word_1_125' title='bbox 1808 831 1960 876; x_wconf 88' lang='lat' dir='ltr'>placitum</span> 
     </span>
     <span class='ocr_line' id='line_1_12' title="bbox 105 890 1962 937; baseline -0.002 -10"><span class='ocrx_word' id='word_1_126' title='bbox 105 893 192 927; x_wconf 89' lang='lat' dir='ltr'>foret</span> <span class='ocrx_word' id='word_1_127' title='bbox 221 904 294 927; x_wconf 88' lang='lat' dir='ltr'>mee</span> <span class='ocrx_word' id='word_1_128' title='bbox 323 893 494 926; x_wconf 78' lang='lat' dir='ltr'>voluntati.</span> <span class='ocrx_word' id='word_1_129' title='bbox 536 892 608 934; x_wconf 72' lang='lat' dir='ltr'><em>qu</em></span> <span class='ocrx_word' id='word_1_130' title='bbox 638 896 746 925; x_wconf 85' lang='lat' dir='ltr'>onmia</span> <span class='ocrx_word' id='word_1_131' title='bbox 776 896 806 925; x_wconf 88' lang='lat' dir='ltr'>et</span> <span class='ocrx_word' id='word_1_132' title='bbox 835 891 977 936; x_wconf 65' lang='lat' dir='ltr'>singula,</span> <span class='ocrx_word' id='word_1_133' title='bbox 1015 896 1111 937; x_wconf 89' lang='lat' dir='ltr'>prout</span> <span class='ocrx_word' id='word_1_134' title='bbox 1148 894 1300 937; x_wconf 89' lang='lat' dir='ltr'>superius</span> <span class='ocrx_word' id='word_1_135' title='bbox 1339 896 1590 936; x_wconf 80' lang='lat' dir='ltr'>expressantur.</span> <span class='ocrx_word' id='word_1_136' title='bbox 1632 890 1844 936; x_wconf 75' lang='lat' dir='ltr'>presentibus</span> <span class='ocrx_word' id='word_1_137' title='bbox 1878 891 1962 924; x_wconf 90' lang='lat' dir='ltr'>duco</span> 
     </span>
     <span class='ocr_line' id='line_1_13' title="bbox 103 951 1962 998; baseline -0.002 -11"><span class='ocrx_word' id='word_1_138' title='bbox 103 954 142 987; x_wconf 87' lang='lat' dir='ltr'>ad</span> <span class='ocrx_word' id='word_1_139' title='bbox 173 957 327 987; x_wconf 82' lang='lat' dir='ltr'>noticiam</span> <span class='ocrx_word' id='word_1_140' title='bbox 357 953 575 998; x_wconf 83' lang='lat' dir='ltr'>singulorum.</span> <span class='ocrx_word' id='word_1_141' title='bbox 610 953 645 986; x_wconf 90' lang='lat' dir='ltr'>In</span> <span class='ocrx_word' id='word_1_142' title='bbox 676 963 814 997; x_wconf 90' lang='lat' dir='ltr'>quorum</span> <span class='ocrx_word' id='word_1_143' title='bbox 844 955 988 985; x_wconf 89' lang='lat' dir='ltr'>omnium</span> <span class='ocrx_word' id='word_1_144' title='bbox 1019 956 1050 985; x_wconf 88' lang='lat' dir='ltr'>et</span> <span class='ocrx_word' id='word_1_145' title='bbox 1079 952 1283 996; x_wconf 74' lang='lat' dir='ltr'>singulorum</span> <span class='ocrx_word' id='word_1_146' title='bbox 1315 954 1536 984; x_wconf 90' lang='lat' dir='ltr'>testimonium</span> <span class='ocrx_word' id='word_1_147' title='bbox 1566 951 1709 995; x_wconf 80' lang='lat' dir='ltr'>sigillum</span> <span class='ocrx_word' id='word_1_148' title='bbox 1740 962 1848 984; x_wconf 87' lang='lat' dir='ltr'>mcum</span> <span class='ocrx_word' id='word_1_149' title='bbox 1877 962 1962 996; x_wconf 90' lang='lat' dir='ltr'>pro-</span> 
     </span>
     <span class='ocr_line' id='line_1_14' title="bbox 104 1011 1963 1061; baseline -0.002 -13"><span class='ocrx_word' id='word_1_150' title='bbox 104 1018 208 1061; x_wconf 91' lang='lat' dir='ltr'>prium</span> <span class='ocrx_word' id='word_1_151' title='bbox 254 1013 464 1060; x_wconf 71' lang='lat' dir='ltr'>presentibus</span> <span class='ocrx_word' id='word_1_152' title='bbox 502 1018 550 1046; x_wconf 79' lang='lat' dir='ltr'>est</span> <span class='ocrx_word' id='word_1_153' title='bbox 597 1024 790 1059; x_wconf 80' lang='lat' dir='ltr'>appensum.</span> <span class='ocrx_word' id='word_1_154' title='bbox 846 1012 963 1046; x_wconf 88' lang='lat' dir='ltr'>Datum</span> <span class='ocrx_word' id='word_1_155' title='bbox 1008 1011 1167 1046; x_wconf 88' lang='lat' dir='ltr'>Olomucz</span> <span class='ocrx_word' id='word_1_156' title='bbox 1208 1023 1295 1045; x_wconf 90' lang='lat' dir='ltr'>anno</span> <span class='ocrx_word' id='word_1_157' title='bbox 1339 1012 1461 1045; x_wconf 92' lang='lat' dir='ltr'>domiui</span> <span class='ocrx_word' id='word_1_158' title='bbox 1504 1012 1677 1045; x_wconf 80' lang='lat' dir='ltr'>millesimo</span> <span class='ocrx_word' id='word_1_159' title='bbox 1727 1015 1963 1045; x_wconf 77' lang='lat' dir='ltr'>trecentesimo</span> 
     </span>
     <span class='ocr_line' id='line_1_15' title="bbox 104 1077 516 1121; baseline -0.005 -12"><span class='ocrx_word' id='word_1_160' title='bbox 104 1079 334 1121; x_wconf 81' lang='lat' dir='ltr'>octuagesimo</span> <span class='ocrx_word' id='word_1_161' title='bbox 364 1077 516 1120; x_wconf 83' lang='lat' dir='ltr'>septimo.</span> 
     </span>
    </p>
   </div>
   <div class='ocr_carea' id='block_1_3' title="bbox 416 1159 1963 1196">
    <p class='ocr_par' dir='ltr' id='par_1_3' title="bbox 416 1159 1963 1196">
     <span class='ocr_line' id='line_1_16' title="bbox 416 1159 1963 1196; baseline -0.001 -11"><span class='ocrx_word' id='word_1_162' title='bbox 416 1161 506 1196; x_wconf 72' lang='lat' dir='ltr'>&lt;Oi-ig.</span> <span class='ocrx_word' id='word_1_163' title='bbox 531 1162 612 1195; x_wconf 65' lang='lat' dir='ltr'>Pei-g.</span> <span class='ocrx_word' id='word_1_164' title='bbox 636 1161 664 1188; x_wconf 88' lang='lat' dir='ltr'>h.</span> <span class='ocrx_word' id='word_1_165' title='bbox 690 1161 841 1186; x_wconf 79' lang='lat' dir='ltr'>verletztes</span> <span class='ocrx_word' id='word_1_166' title='bbox 865 1160 921 1194; x_wconf 87' lang='lat' dir='ltr'>Sig.</span> <span class='ocrx_word' id='word_1_167' title='bbox 945 1160 981 1185; x_wconf 87' lang='lat' dir='ltr'>im</span> <span class='ocrx_word' id='word_1_168' title='bbox 1007 1160 1080 1187; x_wconf 89' lang='lat' dir='ltr'>Olm.</span> <span class='ocrx_word' id='word_1_169' title='bbox 1105 1160 1180 1193; x_wconf 81' lang='lat' dir='ltr'>Kap.</span> <span class='ocrx_word' id='word_1_170' title='bbox 1204 1160 1340 1186; x_wconf 75' lang='lat' dir='ltr'>Archive.</span> <span class='ocrx_word' id='word_1_171' title='bbox 1365 1175 1407 1178; x_wconf 84' lang='lat'>—</span> <span class='ocrx_word' id='word_1_172' title='bbox 1430 1160 1490 1185; x_wconf 77' lang='lat' dir='ltr'>Das</span> <span class='ocrx_word' id='word_1_173' title='bbox 1521 1160 1547 1185; x_wconf 87' lang='lat' dir='ltr'>in</span> <span class='ocrx_word' id='word_1_174' title='bbox 1580 1160 1628 1185; x_wconf 74' lang='lat' dir='ltr'>(lc-i·</span> <span class='ocrx_word' id='word_1_175' title='bbox 1653 1160 1799 1185; x_wconf 74' lang='lat' dir='ltr'>Klaminer</span> <span class='ocrx_word' id='word_1_176' title='bbox 1829 1159 1963 1185; x_wconf 82' lang='lat' dir='ltr'>stehende</span> 
     </span>
    </p>
   </div>
   <div class='ocr_carea' id='block_1_4' title="bbox 521 1212 1369 1247">
    <p class='ocr_par' dir='ltr' id='par_1_4' title="bbox 521 1212 1369 1247">
     <span class='ocr_line' id='line_1_17' title="bbox 521 1212 1369 1247; baseline -0.001 -8"><span class='ocrx_word' id='word_1_177' title='bbox 521 1214 626 1239; x_wconf 81' lang='lat' dir='ltr'>Datum</span> <span class='ocrx_word' id='word_1_178' title='bbox 651 1213 699 1238; x_wconf 80' lang='lat' dir='ltr'>des</span> <span class='ocrx_word' id='word_1_179' title='bbox 723 1214 817 1247; x_wconf 74' lang='lat' dir='ltr'>Tages</span> <span class='ocrx_word' id='word_1_180' title='bbox 841 1212 935 1238; x_wconf 78' lang='lat' dir='ltr'>wurde</span> <span class='ocrx_word' id='word_1_181' title='bbox 959 1212 1032 1238; x_wconf 85' lang='lat' dir='ltr'>uach</span> <span class='ocrx_word' id='word_1_182' title='bbox 1057 1221 1084 1239; x_wconf 86' lang='lat'>11.</span> <span class='ocrx_word' id='word_1_183' title='bbox 1110 1212 1171 1238; x_wconf 82' lang='lat'>454</span> <span class='ocrx_word' id='word_1_184' title='bbox 1197 1212 1369 1246; x_wconf 73' lang='lat' dir='ltr'>angesetzt.)</span> 
     </span>
    </p>
   </div>
   <div class='ocr_carea' id='block_1_5' title="bbox 981 1383 1085 1419">
    <p class='ocr_par' dir='ltr' id='par_1_5' title="bbox 981 1383 1085 1419">
     <span class='ocr_line' id='line_1_18' title="bbox 981 1383 1085 1419; baseline -0.01 0"><span class='ocrx_word' id='word_1_185' title='bbox 981 1383 1085 1419; x_wconf 75' lang='lat'>456.</span> 
     </span>
    </p>
   </div>
   <div class='ocr_carea' id='block_1_6' title="bbox 108 1494 1964 1602">
    <p class='ocr_par' dir='ltr' id='par_1_6' title="bbox 108 1494 1964 1602">
     <span class='ocr_line' id='line_1_19' title="bbox 108 1494 1964 1543; baseline -0.003 -11"><span class='ocrx_word' id='word_1_186' title='bbox 108 1498 413 1543; x_wconf 69' lang='lat' dir='ltr'>illarlfqrafJodolt</span> <span class='ocrx_word' id='word_1_187' title='bbox 428 1497 566 1542; x_wconf 78' lang='lat' dir='ltr'>befieklt</span> <span class='ocrx_word' id='word_1_188' title='bbox 581 1498 645 1531; x_wconf 78' lang='lat' dir='ltr'>den</span> <span class='ocrx_word' id='word_1_189' title='bbox 662 1496 820 1530; x_wconf 69' lang='lat' dir='ltr'>obet-steti</span> <span class='ocrx_word' id='word_1_190' title='bbox 832 1495 1217 1538; x_wconf 62' lang='lat' dir='ltr'>Landrecletsbeamten,</span> <span class='ocrx_word' id='word_1_191' title='bbox 1234 1496 1315 1529; x_wconf 77' lang='lat' dir='ltr'>(lass</span> <span class='ocrx_word' id='word_1_192' title='bbox 1330 1496 1381 1529; x_wconf 75' lang='lat' dir='ltr'>sie</span> <span class='ocrx_word' id='word_1_193' title='bbox 1397 1495 1468 1528; x_wconf 80' lang='lat' dir='ltr'>clem</span> <span class='ocrx_word' id='word_1_194' title='bbox 1490 1494 1663 1528; x_wconf 70' lang='lat' dir='ltr'>Olmutz-er</span> <span class='ocrx_word' id='word_1_195' title='bbox 1678 1506 1704 1528; x_wconf 81' lang='lat' dir='ltr'>s.</span> <span class='ocrx_word' id='word_1_196' title='bbox 1719 1494 1964 1527; x_wconf 75' lang='lat' dir='ltr'>Kathariuen-</span> 
     </span>
     <span class='ocr_line' id='line_1_20' title="bbox 253 1554 1808 1602; baseline -0.003 -10"><span class='ocrx_word' id='word_1_197' title='bbox 253 1558 384 1592; x_wconf 70' lang='lat' dir='ltr'>kloster</span> <span class='ocrx_word' id='word_1_198' title='bbox 412 1560 511 1592; x_wconf 74' lang='lat' dir='ltr'>einen</span> <span class='ocrx_word' id='word_1_199' title='bbox 540 1557 618 1602; x_wconf 78' lang='lat' dir='ltr'>Hos</span> <span class='ocrx_word' id='word_1_200' title='bbox 641 1558 708 1591; x_wconf 75' lang='lat' dir='ltr'>und</span> <span class='ocrx_word' id='word_1_201' title='bbox 737 1558 812 1590; x_wconf 76' lang='lat' dir='ltr'>eine</span> <span class='ocrx_word' id='word_1_202' title='bbox 844 1556 1001 1590; x_wconf 79' lang='lat' dir='ltr'>Taberue</span> <span class='ocrx_word' id='word_1_203' title='bbox 1030 1558 1060 1590; x_wconf 74' lang='lat' dir='ltr'>iu</span> <span class='ocrx_word' id='word_1_204' title='bbox 1092 1556 1245 1590; x_wconf 66' lang='grc' dir='ltr'><em>Κοὲίὲαη</em></span> <span class='ocrx_word' id='word_1_205' title='bbox 1277 1557 1307 1589; x_wconf 70' lang='lat' dir='ltr'>in</span> <span class='ocrx_word' id='word_1_206' title='bbox 1338 1556 1393 1589; x_wconf 70' lang='lat' dir='ltr'>die</span> <span class='ocrx_word' id='word_1_207' title='bbox 1423 1554 1613 1600; x_wconf 77' lang='lat' dir='ltr'>Landtafel</span> <span class='ocrx_word' id='word_1_208' title='bbox 1641 1554 1808 1598; x_wconf 71' lang='lat' dir='ltr'>ez&#39;nleqen.</span> 
     </span>
    </p>
   </div>
   <div class='ocr_carea' id='block_1_7' title="bbox 724 1616 1358 1652">
    <p class='ocr_par' dir='ltr' id='par_1_7' title="bbox 724 1616 1358 1652">
     <span class='ocr_line' id='line_1_21' title="bbox 724 1616 1358 1652; baseline -0.002 -1"><span class='ocrx_word' id='word_1_209' title='bbox 724 1617 782 1652; x_wconf 88' lang='lat' dir='ltr'>Dt.</span> <span class='ocrx_word' id='word_1_210' title='bbox 816 1616 947 1651; x_wconf 62' lang='lat' dir='ltr'>Olnmtz</span> <span class='ocrx_word' id='word_1_211' title='bbox 977 1616 1034 1651; x_wconf 90' lang='lat'>13.</span> <span class='ocrx_word' id='word_1_212' title='bbox 1070 1616 1219 1650; x_wconf 82' lang='lat' dir='ltr'>October</span> <span class='ocrx_word' id='word_1_213' title='bbox 1248 1616 1358 1650; x_wconf 77' lang='lat'><em>1387.</em></span> 
     </span>
    </p>
   </div>
   <div class='ocr_carea' id='block_1_8' title="bbox 107 1695 1968 2482">
    <p class='ocr_par' dir='ltr' id='par_1_8' title="bbox 107 1695 1968 2482">
     <span class='ocr_line' id='line_1_22' title="bbox 266 1695 1963 1758; baseline -0.002 -11"><span class='ocrx_word' id='word_1_214' title='bbox 266 1695 353 1748; x_wconf 51' lang='lat' dir='ltr'>lxos</span> <span class='ocrx_word' id='word_1_215' title='bbox 390 1714 538 1747; x_wconf 85' lang='lat' dir='ltr'>Jodocus</span> <span class='ocrx_word' id='word_1_216' title='bbox 574 1713 626 1747; x_wconf 90' lang='lat' dir='ltr'>dei</span> <span class='ocrx_word' id='word_1_217' title='bbox 661 1716 776 1758; x_wconf 81' lang='lat' dir='ltr'>gracia</span> <span class='ocrx_word' id='word_1_218' title='bbox 812 1713 960 1747; x_wconf 91' lang='lat' dir='ltr'>marchio</span> <span class='ocrx_word' id='word_1_219' title='bbox 995 1717 1027 1747; x_wconf 88' lang='lat' dir='ltr'>et</span> <span class='ocrx_word' id='word_1_220' title='bbox 1063 1712 1215 1746; x_wconf 88' lang='lat' dir='ltr'>dominus</span> <span class='ocrx_word' id='word_1_221' title='bbox 1243 1712 1397 1746; x_wconf 80' lang='lat' dir='ltr'>Moravie</span> <span class='ocrx_word' id='word_1_222' title='bbox 1425 1717 1538 1746; x_wconf 88' lang='lat' dir='ltr'>notum</span> <span class='ocrx_word' id='word_1_223' title='bbox 1568 1711 1708 1745; x_wconf 86' lang='lat' dir='ltr'>facimus</span> <span class='ocrx_word' id='word_1_224' title='bbox 1739 1715 1854 1744; x_wconf 87' lang='lat' dir='ltr'>tenore</span> <span class='ocrx_word' id='word_1_225' title='bbox 1883 1721 1963 1755; x_wconf 89' lang='lat' dir='ltr'>pre-</span> 
     </span>
     <span class='ocr_line' id='line_1_23' title="bbox 107 1769 1967 1820; baseline -0.003 -11"><span class='ocrx_word' id='word_1_226' title='bbox 107 1778 255 1810; x_wconf 89' lang='lat' dir='ltr'>sencium</span> <span class='ocrx_word' id='word_1_227' title='bbox 285 1777 464 1809; x_wconf 88' lang='lat' dir='ltr'>universis.</span> <span class='ocrx_word' id='word_1_228' title='bbox 504 1773 601 1815; x_wconf 88' lang='lat' dir='ltr'>Quod</span> <span class='ocrx_word' id='word_1_229' title='bbox 629 1778 766 1820; x_wconf 88' lang='lat' dir='ltr'>propter</span> <span class='ocrx_word' id='word_1_230' title='bbox 793 1774 907 1807; x_wconf 88' lang='lat' dir='ltr'>salutis</span> <span class='ocrx_word' id='word_1_231' title='bbox 936 1777 1051 1808; x_wconf 86' lang='lat' dir='ltr'>eterne</span> <span class='ocrx_word' id='word_1_232' title='bbox 1087 1773 1197 1807; x_wconf 87' lang='lat' dir='ltr'>felicia</span> <span class='ocrx_word' id='word_1_233' title='bbox 1234 1776 1373 1819; x_wconf 86' lang='lat' dir='ltr'>premia.</span> <span class='ocrx_word' id='word_1_234' title='bbox 1412 1784 1476 1818; x_wconf 88' lang='lat' dir='ltr'>que</span> <span class='ocrx_word' id='word_1_235' title='bbox 1514 1775 1547 1806; x_wconf 94' lang='lat' dir='ltr'>in</span> <span class='ocrx_word' id='word_1_236' title='bbox 1586 1771 1717 1805; x_wconf 83' lang='lat' dir='ltr'>devotis</span> <span class='ocrx_word' id='word_1_237' title='bbox 1755 1769 1967 1804; x_wconf 87' lang='lat' dir='ltr'>oracionibus</span> 
     </span>
     <span class='ocr_line' id='line_1_24' title="bbox 109 1833 1964 1880; baseline -0.004 -10"><span class='ocrx_word' id='word_1_238' title='bbox 109 1841 274 1870; x_wconf 91' lang='lat' dir='ltr'>castarum</span> <span class='ocrx_word' id='word_1_239' title='bbox 295 1839 477 1880; x_wconf 58' lang='lat' dir='ltr'>virginunn</span> <span class='ocrx_word' id='word_1_240' title='bbox 507 1846 644 1880; x_wconf 88' lang='lat' dir='ltr'>quarum</span> <span class='ocrx_word' id='word_1_241' title='bbox 665 1839 802 1880; x_wconf 86' lang='lat' dir='ltr'>propter</span> <span class='ocrx_word' id='word_1_242' title='bbox 830 1834 951 1868; x_wconf 80' lang='lat' dir='ltr'>illibate</span> <span class='ocrx_word' id='word_1_243' title='bbox 971 1834 1133 1880; x_wconf 86' lang='lat' dir='ltr'>pudicicie</span> <span class='ocrx_word' id='word_1_244' title='bbox 1162 1833 1247 1879; x_wconf 78' lang='lat' dir='ltr'>(sic.)</span> <span class='ocrx_word' id='word_1_245' title='bbox 1268 1834 1353 1879; x_wconf 90' lang='lat' dir='ltr'>apud</span> <span class='ocrx_word' id='word_1_246' title='bbox 1378 1833 1572 1867; x_wconf 89' lang='lat' dir='ltr'>altissimum</span> <span class='ocrx_word' id='word_1_247' title='bbox 1593 1836 1643 1866; x_wconf 88' lang='lat' dir='ltr'>est</span> <span class='ocrx_word' id='word_1_248' title='bbox 1663 1833 1776 1865; x_wconf 86' lang='lat' dir='ltr'>suavis</span> <span class='ocrx_word' id='word_1_249' title='bbox 1797 1833 1964 1876; x_wconf 62' lang='lat' dir='ltr'>precacio,</span> 
     </span>
     <span class='ocr_line' id='line_1_25' title="bbox 109 1891 1967 1943; baseline -0.003 -13"><span class='ocrx_word' id='word_1_250' title='bbox 109 1908 282 1943; x_wconf 87' lang='lat' dir='ltr'>speramus</span> <span class='ocrx_word' id='word_1_251' title='bbox 328 1907 389 1930; x_wconf 90' lang='grc'><strong>1105</strong></span> <span class='ocrx_word' id='word_1_252' title='bbox 435 1895 568 1929; x_wconf 83' lang='lat' dir='ltr'>indubie</span> <span class='ocrx_word' id='word_1_253' title='bbox 603 1900 677 1941; x_wconf 89' lang='lat' dir='ltr'>post</span> <span class='ocrx_word' id='word_1_254' title='bbox 714 1895 810 1929; x_wconf 89' lang='lat' dir='ltr'>huius</span> <span class='ocrx_word' id='word_1_255' title='bbox 848 1895 1025 1929; x_wconf 88' lang='lat' dir='ltr'>incolatum</span> <span class='ocrx_word' id='word_1_256' title='bbox 1062 1894 1166 1928; x_wconf 90' lang='lat' dir='ltr'>seculi</span> <span class='ocrx_word' id='word_1_257' title='bbox 1207 1897 1240 1927; x_wconf 93' lang='lat' dir='ltr'>in</span> <span class='ocrx_word' id='word_1_258' title='bbox 1277 1894 1399 1938; x_wconf 84' lang='lat' dir='ltr'>gaudio</span> <span class='ocrx_word' id='word_1_259' title='bbox 1438 1896 1602 1939; x_wconf 85' lang='lat' dir='ltr'>optinere.</span> <span class='ocrx_word' id='word_1_260' title='bbox 1658 1891 1713 1925; x_wconf 91' lang='lat' dir='ltr'>Ad</span> <span class='ocrx_word' id='word_1_261' title='bbox 1749 1891 1967 1925; x_wconf 82' lang='lat' dir='ltr'>donacionem</span> 
     </span>
     <span class='ocr_line' id='line_1_26' title="bbox 109 1951 1968 2000; baseline -0.004 -9"><span class='ocrx_word' id='word_1_262' title='bbox 109 1957 269 1991; x_wconf 88' lang='lat' dir='ltr'>allodialis</span> <span class='ocrx_word' id='word_1_263' title='bbox 298 1960 389 1990; x_wconf 91' lang='lat' dir='ltr'>curie</span> <span class='ocrx_word' id='word_1_264' title='bbox 419 1967 492 1990; x_wconf 90' lang='lat' dir='ltr'>cum</span> <span class='ocrx_word' id='word_1_265' title='bbox 522 1967 588 1989; x_wconf 90' lang='lat' dir='ltr'>una</span> <span class='ocrx_word' id='word_1_266' title='bbox 618 1955 781 1989; x_wconf 85' lang='lat' dir='ltr'>thaberna</span> <span class='ocrx_word' id='word_1_267' title='bbox 811 1960 842 1989; x_wconf 85' lang='lat' dir='ltr'>et</span> <span class='ocrx_word' id='word_1_268' title='bbox 870 1967 934 1989; x_wconf 90' lang='lat' dir='ltr'>una</span> <span class='ocrx_word' id='word_1_269' title='bbox 963 1960 1096 1989; x_wconf 89' lang='lat' dir='ltr'>aratura</span> <span class='ocrx_word' id='word_1_270' title='bbox 1124 1958 1157 1988; x_wconf 91' lang='lat' dir='ltr'>in</span> <span class='ocrx_word' id='word_1_271' title='bbox 1185 1955 1263 1988; x_wconf 90' lang='lat' dir='ltr'>villa</span> <span class='ocrx_word' id='word_1_272' title='bbox 1284 1954 1496 2000; x_wconf 40' lang='lat' dir='ltr'>Kozussanyq</span> <span class='ocrx_word' id='word_1_273' title='bbox 1526 1964 1622 1999; x_wconf 88' lang='lat' dir='ltr'>qnam</span> <span class='ocrx_word' id='word_1_274' title='bbox 1653 1953 1816 1986; x_wconf 85' lang='lat' dir='ltr'>discretus</span> <span class='ocrx_word' id='word_1_275' title='bbox 1837 1951 1968 1985; x_wconf 86' lang='lat' dir='ltr'>Franco</span> 
     </span>
     <span class='ocr_line' id='line_1_27' title="bbox 109 2011 1968 2063; baseline -0.004 -12"><span class='ocrx_word' id='word_1_276' title='bbox 109 2018 150 2052; x_wconf 91' lang='lat' dir='ltr'>de</span> <span class='ocrx_word' id='word_1_277' title='bbox 180 2017 301 2052; x_wconf 88' lang='lat' dir='ltr'>Olssan</span> <span class='ocrx_word' id='word_1_278' title='bbox 330 2020 490 2063; x_wconf 87' lang='lat' dir='ltr'>priorisse</span> <span class='ocrx_word' id='word_1_279' title='bbox 520 2021 552 2050; x_wconf 85' lang='lat' dir='ltr'>et</span> <span class='ocrx_word' id='word_1_280' title='bbox 581 2019 759 2050; x_wconf 89' lang='lat' dir='ltr'>conventui</span> <span class='ocrx_word' id='word_1_281' title='bbox 794 2016 1090 2050; x_wconf 79' lang='lat' dir='ltr'>sanctimonialium</span> <span class='ocrx_word' id='word_1_282' title='bbox 1129 2019 1161 2049; x_wconf 88' lang='lat' dir='ltr'>in</span> <span class='ocrx_word' id='word_1_283' title='bbox 1191 2015 1374 2049; x_wconf 87' lang='lat' dir='ltr'>Olomuncz</span> <span class='ocrx_word' id='word_1_284' title='bbox 1410 2016 1604 2048; x_wconf 86' lang='lat' dir='ltr'>monasterii</span> <span class='ocrx_word' id='word_1_285' title='bbox 1642 2017 1757 2047; x_wconf 86' lang='lat' dir='ltr'>sancte</span> <span class='ocrx_word' id='word_1_286' title='bbox 1786 2011 1968 2046; x_wconf 84' lang='lat' dir='ltr'>Katlierine</span> 
     </span>
     <span class='ocr_line' id='line_1_28' title="bbox 110 2075 1966 2123; baseline -0.003 -12"><span class='ocrx_word' id='word_1_287' title='bbox 110 2078 150 2112; x_wconf 89' lang='lat' dir='ltr'>de</span> <span class='ocrx_word' id='word_1_288' title='bbox 179 2089 238 2112; x_wconf 89' lang='lat' dir='ltr'>sua</span> <span class='ocrx_word' id='word_1_289' title='bbox 267 2077 463 2111; x_wconf 85' lang='lat' dir='ltr'>liberalitate</span> <span class='ocrx_word' id='word_1_290' title='bbox 492 2079 627 2123; x_wconf 87' lang='lat' dir='ltr'>propria</span> <span class='ocrx_word' id='word_1_291' title='bbox 656 2079 841 2121; x_wconf 77' lang='lat' dir='ltr'>assignavit</span> <span class='ocrx_word' id='word_1_292' title='bbox 868 2079 930 2110; x_wconf 88' lang='lat' dir='ltr'>rite</span> <span class='ocrx_word' id='word_1_293' title='bbox 959 2081 991 2110; x_wconf 86' lang='grc'>01</span> <span class='ocrx_word' id='word_1_294' title='bbox 1018 2075 1277 2119; x_wconf 67' lang='lat' dir='ltr'>racionabiliter,</span> <span class='ocrx_word' id='word_1_295' title='bbox 1307 2077 1537 2109; x_wconf 87' lang='lat' dir='ltr'>consensimus</span> <span class='ocrx_word' id='word_1_296' title='bbox 1558 2079 1590 2108; x_wconf 88' lang='lat' dir='ltr'>et</span> <span class='ocrx_word' id='word_1_297' title='bbox 1609 2076 1732 2108; x_wconf 84' lang='lat' dir='ltr'>virtute</span> <span class='ocrx_word' id='word_1_298' title='bbox 1756 2075 1966 2118; x_wconf 89' lang='lat' dir='ltr'>presencium</span> 
     </span>
     <span class='ocr_line' id='line_1_29' title="bbox 110 2136 1966 2182; baseline -0.004 -10"><span class='ocrx_word' id='word_1_299' title='bbox 110 2141 220 2172; x_wconf 88' lang='lat' dir='ltr'>animo</span> <span class='ocrx_word' id='word_1_300' title='bbox 250 2138 433 2172; x_wconf 85' lang='lat' dir='ltr'>deliberato</span> <span class='ocrx_word' id='word_1_301' title='bbox 462 2149 502 2171; x_wconf 88' lang='lat' dir='ltr'>ac</span> <span class='ocrx_word' id='word_1_302' title='bbox 531 2137 571 2171; x_wconf 89' lang='lat' dir='ltr'>de</span> <span class='ocrx_word' id='word_1_303' title='bbox 600 2141 691 2170; x_wconf 88' lang='lat' dir='ltr'>certa</span> <span class='ocrx_word' id='word_1_304' title='bbox 721 2141 835 2170; x_wconf 89' lang='lat' dir='ltr'>nostra</span> <span class='ocrx_word' id='word_1_305' title='bbox 863 2139 1009 2170; x_wconf 88' lang='lat' dir='ltr'>sciencia</span> <span class='ocrx_word' id='word_1_306' title='bbox 1038 2139 1277 2179; x_wconf 65' lang='lat' dir='ltr'>consentimus,</span> <span class='ocrx_word' id='word_1_307' title='bbox 1314 2138 1539 2182; x_wconf 84' lang='lat' dir='ltr'>precipientes</span> <span class='ocrx_word' id='word_1_308' title='bbox 1575 2136 1761 2167; x_wconf 89' lang='lat' dir='ltr'>camerario</span> <span class='ocrx_word' id='word_1_309' title='bbox 1798 2143 1966 2178; x_wconf 66' lang='lat' dir='ltr'>supremo,</span> 
     </span>
     <span class='ocr_line' id='line_1_30' title="bbox 111 2193 1968 2240; baseline -0.004 -8"><span class='ocrx_word' id='word_1_310' title='bbox 111 2198 268 2232; x_wconf 86' lang='lat' dir='ltr'>czndario</span> <span class='ocrx_word' id='word_1_311' title='bbox 297 2203 329 2232; x_wconf 89' lang='lat' dir='ltr'>et</span> <span class='ocrx_word' id='word_1_312' title='bbox 356 2201 486 2232; x_wconf 86' lang='lat' dir='ltr'>notario</span> <span class='ocrx_word' id='word_1_313' title='bbox 516 2199 683 2232; x_wconf 89' lang='lat' dir='ltr'>districtus</span> <span class='ocrx_word' id='word_1_314' title='bbox 713 2196 957 2240; x_wconf 73' lang='lat' dir='ltr'>olomucensis,</span> <span class='ocrx_word' id='word_1_315' title='bbox 994 2199 1117 2231; x_wconf 91' lang='lat' dir='ltr'>nostris</span> <span class='ocrx_word' id='word_1_316' title='bbox 1154 2196 1305 2231; x_wconf 86' lang='lat' dir='ltr'>fidelibus</span> <span class='ocrx_word' id='word_1_317' title='bbox 1342 2200 1375 2230; x_wconf 88' lang='lat' dir='ltr'>et</span> <span class='ocrx_word' id='word_1_318' title='bbox 1410 2196 1549 2237; x_wconf 77' lang='lat' dir='ltr'>dilectis.</span> <span class='ocrx_word' id='word_1_319' title='bbox 1588 2194 1648 2228; x_wconf 88' lang='lat' dir='ltr'>sub</span> <span class='ocrx_word' id='word_1_320' title='bbox 1687 2193 1821 2227; x_wconf 88' lang='lat' dir='ltr'>obtentu</span> <span class='ocrx_word' id='word_1_321' title='bbox 1855 2197 1968 2226; x_wconf 88' lang='lat' dir='ltr'>nostre</span> 
     </span>
     <span class='ocr_line' id='line_1_31' title="bbox 110 2253 1966 2304; baseline -0.004 -12"><span class='ocrx_word' id='word_1_322' title='bbox 110 2261 226 2304; x_wconf 80' lang='lat' dir='ltr'>gracie</span> <span class='ocrx_word' id='word_1_323' title='bbox 255 2263 287 2292; x_wconf 82' lang='lat' dir='ltr'>et</span> <span class='ocrx_word' id='word_1_324' title='bbox 314 2258 522 2302; x_wconf 60' lang='lat' dir='ltr'>mandantes,</span> <span class='ocrx_word' id='word_1_325' title='bbox 561 2262 723 2303; x_wconf 87' lang='lat' dir='ltr'>quatenus</span> <span class='ocrx_word' id='word_1_326' title='bbox 753 2257 892 2291; x_wconf 88' lang='lat' dir='ltr'>eandem</span> <span class='ocrx_word' id='word_1_327' title='bbox 922 2260 1046 2291; x_wconf 86' lang='lat' dir='ltr'>curiam</span> <span class='ocrx_word' id='word_1_328' title='bbox 1077 2261 1109 2291; x_wconf 87' lang='lat' dir='ltr'>et</span> <span class='ocrx_word' id='word_1_329' title='bbox 1137 2257 1333 2291; x_wconf 85' lang='lat' dir='ltr'>thabernam</span> <span class='ocrx_word' id='word_1_330' title='bbox 1363 2256 1491 2302; x_wconf 87' lang='lat' dir='ltr'>prefato</span> <span class='ocrx_word' id='word_1_331' title='bbox 1521 2257 1701 2289; x_wconf 90' lang='lat' dir='ltr'>conventui</span> <span class='ocrx_word' id='word_1_332' title='bbox 1731 2253 1847 2287; x_wconf 90' lang='lat' dir='ltr'>tabulis</span> <span class='ocrx_word' id='word_1_333' title='bbox 1877 2257 1966 2286; x_wconf 87' lang='lat' dir='ltr'>terre</span> 
     </span>
     <span class='ocr_line' id='line_1_32' title="bbox 110 2314 1962 2364; baseline -0.004 -11"><span class='ocrx_word' id='word_1_334' title='bbox 110 2321 284 2364; x_wconf 88' lang='lat' dir='ltr'>imponere</span> <span class='ocrx_word' id='word_1_335' title='bbox 313 2318 467 2358; x_wconf 66' lang='lat' dir='ltr'>debeant..</span> <span class='ocrx_word' id='word_1_336' title='bbox 503 2319 578 2353; x_wconf 91' lang='lat' dir='ltr'>dum</span> <span class='ocrx_word' id='word_1_337' title='bbox 616 2321 757 2364; x_wconf 89' lang='lat' dir='ltr'>primum</span> <span class='ocrx_word' id='word_1_338' title='bbox 796 2317 905 2352; x_wconf 85' lang='lat' dir='ltr'>tabule</span> <span class='ocrx_word' id='word_1_339' title='bbox 942 2323 1031 2352; x_wconf 79' lang='lat' dir='ltr'>terre</span> <span class='ocrx_word' id='word_1_340' title='bbox 1069 2322 1184 2364; x_wconf 85' lang='lat' dir='ltr'>aperte</span> <span class='ocrx_word' id='word_1_341' title='bbox 1218 2316 1340 2352; x_wconf 82' lang='lat' dir='ltr'>fuerint</span> <span class='ocrx_word' id='word_1_342' title='bbox 1378 2322 1410 2351; x_wconf 86' lang='lat' dir='ltr'>et</span> <span class='ocrx_word' id='word_1_343' title='bbox 1439 2321 1535 2351; x_wconf 89' lang='lat' dir='ltr'>erunt</span> <span class='ocrx_word' id='word_1_344' title='bbox 1563 2314 1774 2362; x_wconf 90' lang='lat' dir='ltr'>presentibus</span> <span class='ocrx_word' id='word_1_345' title='bbox 1803 2315 1962 2359; x_wconf 89' lang='lat' dir='ltr'>requisiti.</span> 
     </span>
     <span class='ocr_line' id='line_1_33' title="bbox 111 2374 1968 2425; baseline -0.003 -13"><span class='ocrx_word' id='word_1_346' title='bbox 111 2379 325 2413; x_wconf 89' lang='lat' dir='ltr'>Presencium</span> <span class='ocrx_word' id='word_1_347' title='bbox 355 2379 415 2414; x_wconf 90' lang='lat' dir='ltr'>sub</span> <span class='ocrx_word' id='word_1_348' title='bbox 443 2384 558 2414; x_wconf 85' lang='lat' dir='ltr'>nostro</span> <span class='ocrx_word' id='word_1_349' title='bbox 589 2390 736 2425; x_wconf 85' lang='lat' dir='ltr'>appenso</span> <span class='ocrx_word' id='word_1_350' title='bbox 765 2378 874 2423; x_wconf 82' lang='lat' dir='ltr'>sigillo</span> <span class='ocrx_word' id='word_1_351' title='bbox 903 2381 1090 2412; x_wconf 85' lang='lat' dir='ltr'>testimonio</span> <span class='ocrx_word' id='word_1_352' title='bbox 1118 2378 1298 2412; x_wconf 86' lang='lat' dir='ltr'>literarum.</span> <span class='ocrx_word' id='word_1_353' title='bbox 1329 2378 1449 2412; x_wconf 89' lang='lat' dir='ltr'>Datum</span> <span class='ocrx_word' id='word_1_354' title='bbox 1479 2379 1511 2410; x_wconf 92' lang='lat' dir='ltr'>in</span> <span class='ocrx_word' id='word_1_355' title='bbox 1541 2376 1700 2410; x_wconf 86' lang='lat' dir='ltr'>Olomucz</span> <span class='ocrx_word' id='word_1_356' title='bbox 1730 2375 1782 2408; x_wconf 92' lang='lat' dir='ltr'>die</span> <span class='ocrx_word' id='word_1_357' title='bbox 1803 2374 1968 2408; x_wconf 87' lang='lat' dir='ltr'>dominico</span> 
     </span>
     <span class='ocr_line' id='line_1_34' title="bbox 111 2438 1754 2482; baseline -0.003 -9"><span class='ocrx_word' id='word_1_358' title='bbox 111 2444 187 2473; x_wconf 88' lang='lat' dir='ltr'>ante</span> <span class='ocrx_word' id='word_1_359' title='bbox 216 2439 335 2473; x_wconf 87' lang='lat' dir='ltr'>festum</span> <span class='ocrx_word' id='word_1_360' title='bbox 364 2443 469 2474; x_wconf 87' lang='lat' dir='ltr'>sancti</span> <span class='ocrx_word' id='word_1_361' title='bbox 499 2439 595 2482; x_wconf 75' lang='lat' dir='ltr'>Galli,</span> <span class='ocrx_word' id='word_1_362' title='bbox 625 2450 711 2473; x_wconf 88' lang='lat' dir='ltr'>anno</span> <span class='ocrx_word' id='word_1_363' title='bbox 741 2438 864 2472; x_wconf 91' lang='lat' dir='ltr'>domini</span> <span class='ocrx_word' id='word_1_364' title='bbox 893 2438 1066 2473; x_wconf 88' lang='lat' dir='ltr'>millesimo</span> <span class='ocrx_word' id='word_1_365' title='bbox 1095 2441 1333 2472; x_wconf 87' lang='lat' dir='ltr'>trecentesimo</span> <span class='ocrx_word' id='word_1_366' title='bbox 1363 2440 1572 2482; x_wconf 82' lang='lat' dir='ltr'>octogesimo</span> <span class='ocrx_word' id='word_1_367' title='bbox 1602 2438 1754 2481; x_wconf 87' lang='lat' dir='ltr'>septimo.</span> 
     </span>
    </p>
   </div>
   <div class='ocr_carea' id='block_1_9' title="bbox 422 2522 1969 2610">
    <p class='ocr_par' dir='ltr' id='par_1_9' title="bbox 422 2522 1969 2610">
     <span class='ocr_line' id='line_1_35' title="bbox 422 2522 1969 2563; baseline -0.005 -11"><span class='ocrx_word' id='word_1_368' title='bbox 422 2527 496 2563; x_wconf 80' lang='lat' dir='ltr'>(Auf</span> <span class='ocrx_word' id='word_1_369' title='bbox 516 2527 566 2553; x_wconf 87' lang='lat' dir='ltr'>der</span> <span class='ocrx_word' id='word_1_370' title='bbox 581 2527 723 2552; x_wconf 82' lang='lat' dir='ltr'>Plicatur:</span> <span class='ocrx_word' id='word_1_371' title='bbox 748 2525 793 2551; x_wconf 81' lang='lat' dir='ltr'>Ad</span> <span class='ocrx_word' id='word_1_372' title='bbox 817 2525 981 2550; x_wconf 86' lang='lat' dir='ltr'>mandatum</span> <span class='ocrx_word' id='word_1_373' title='bbox 1005 2525 1110 2551; x_wconf 84' lang='lat' dir='ltr'>domini</span> <span class='ocrx_word' id='word_1_374' title='bbox 1133 2525 1305 2551; x_wconf 83' lang='lat' dir='ltr'>marchionis</span> <span class='ocrx_word' id='word_1_375' title='bbox 1319 2525 1453 2551; x_wconf 80' lang='lat' dir='ltr'>decanus.</span> <span class='ocrx_word' id='word_1_376' title='bbox 1481 2539 1517 2543; x_wconf 91' lang='lat'>—</span> <span class='ocrx_word' id='word_1_377' title='bbox 1544 2523 1769 2557; x_wconf 74' lang='lat' dir='ltr'>Orig.Pe1-g.an</span> <span class='ocrx_word' id='word_1_378' title='bbox 1785 2522 1969 2555; x_wconf 79' lang='lat' dir='ltr'>Pergament-</span> 
     </span>
     <span class='ocr_line' id='line_1_36' title="bbox 525 2572 1969 2610; baseline -0.006 -5"><span class='ocrx_word' id='word_1_379' title='bbox 525 2578 641 2605; x_wconf 79' lang='lat' dir='ltr'>streifeu</span> <span class='ocrx_word' id='word_1_380' title='bbox 670 2579 697 2605; x_wconf 87' lang='lat' dir='ltr'>h.</span> <span class='ocrx_word' id='word_1_381' title='bbox 726 2578 877 2604; x_wconf 73' lang='lat' dir='ltr'>verletztes</span> <span class='ocrx_word' id='word_1_382' title='bbox 907 2577 964 2610; x_wconf 68' lang='lat' dir='ltr'>Sig.</span> <span class='ocrx_word' id='word_1_383' title='bbox 996 2577 1024 2602; x_wconf 86' lang='lat' dir='ltr'>iu</span> <span class='ocrx_word' id='word_1_384' title='bbox 1055 2577 1109 2603; x_wconf 87' lang='lat' dir='ltr'>den</span> <span class='ocrx_word' id='word_1_385' title='bbox 1141 2577 1236 2603; x_wconf 84' lang='lat' dir='ltr'>Akten</span> <span class='ocrx_word' id='word_1_386' title='bbox 1267 2578 1316 2603; x_wconf 86' lang='lat' dir='ltr'>des</span> <span class='ocrx_word' id='word_1_387' title='bbox 1347 2577 1419 2603; x_wconf 84' lang='lat' dir='ltr'>Olm.</span> <span class='ocrx_word' id='word_1_388' title='bbox 1451 2574 1754 2601; x_wconf 76' lang='lat' dir='ltr'>Kutharinenklosters</span> <span class='ocrx_word' id='word_1_389' title='bbox 1779 2573 1814 2598; x_wconf 86' lang='lat' dir='ltr'>im</span> <span class='ocrx_word' id='word_1_390' title='bbox 1839 2572 1969 2598; x_wconf 81' lang='lat' dir='ltr'>Laudes-</span> 
     </span>
    </p>
   </div>
   <div class='ocr_carea' id='block_1_10' title="bbox 527 2629 664 2663">
    <p class='ocr_par' dir='ltr' id='par_1_10' title="bbox 527 2629 664 2663">
     <span class='ocr_line' id='line_1_37' title="bbox 527 2629 664 2663; baseline 0.015 -8"><span class='ocrx_word' id='word_1_391' title='bbox 527 2629 664 2663; x_wconf 71' lang='lat' dir='ltr'>archive.)</span> 
     </span>
    </p>
   </div>
  </div>
 </body>
</html>
