2336 3074
1050 228 1071 262 3

127 348 269 386 trewen.
299 343 382 376 allez
411 343 481 385 1135,
503 343 562 376 1135
589 341 858 387 vorgeschriben
878 347 953 385 stet„
983 352 1069 386 ganz
1090 341 1155 374 und
1186 342 1399 387 unvorinaylt
1425 352 1464 374 zu
1487 340 1597 374 lialten
1620 340 1684 373 und
1705 351 1745 373 zu
1766 339 1992 383 vollbringen.

127 404 199 438 Dez
219 403 300 438 alles
328 415 369 437 zu
398 406 533 449 ewigen
562 403 756 437 urchunden
788 403 851 436 und
880 402 1063 437 sicherheit
1090 401 1240 445 vorsigle
1262 400 1313 434 ich
1344 401 1458 434 diesen
1490 401 1578 434 brief
1603 403 1658 433 mit
1690 403 1832 433 meinem
1859 399 1996 433 31111311-

127 464 262 509 gunden
291 464 422 509 insigel.
469 464 591 497 Dieser
619 463 699 497 sach
720 466 791 496 sein
821 474 952 508 zeugcn
973 462 1025 496 die
1047 461 1169 495 erbern
1189 461 1267 494 leut.
1298 472 1399 494 unser
1421 466 1538 494 vreunt
1567 460 1723 494 Boliusch
1744 471 1813 494 von
1834 460 1994 493 Ywancz.

129 524 236 558 Thass
275 535 342 558 von
371 524 525 567 Tassow.
564 523 664 557 Hirsk
700 524 763 557 und
800 522 935 557 Boczek
973 522 1096 568 priider
1124 533 1192 555 von
1222 521 1343 564 Selicz.
1382 521 1434 554 die
1463 533 1503 554 zu
1532 521 1720 555 zenknusse
1751 520 1854 554 durch
1890 531 1994 553 unser

129 588 183 630 pet
212 584 325 618 willen
354 587 381 617 ir
418 584 538 629 insigel
573 583 658 617 auch
696 583 831 628 beugen
860 586 913 616 mit
950 585 1122 628 gewissen
1157 593 1199 615 an
1235 582 1350 615 diesen
1383 581 1479 614 briel‘.
1542 581 1656 614 Gcben
1687 593 1726 614 zu
1755 581 1868 614 Brunn
1906 580 1992 614 nach

130 644 255 678 Cristes
289 645 418 690 gepurd
456 648 586 678 tausent
623 644 853 690 dreyhundert
888 646 919 677 in
958 643 1031 677 dem
1068 641 1446 677 fumfundsibenziksten
1480 643 1534 685 jar
1564 653 1604 674 an
1641 642 1720 674 sand
1751 641 1907 675 Andreas
1937 645 1994 685 tag

130 704 188 739 des
216 705 363 750 heiligen
391 704 605 750 zwelfpoten.

441 791 532 825 (orig.
555 792 637 825 Perg.
664 792 680 816 ἴ)
706 791 732 816 11.
757 790 814 823 sig.
838 791 874 816 im
902 791 990 816 mahr.
1013 791 1105 816 Laud.
1130 789 1278 824 Archive.)

1043 932 1065 940 ,ν

1037 942 1086 971 ὅ).

132 1023 323 1068 Marquaf
344 1023 459 1057 Jodolz·
486 1023 626 1057 schenkl
660 1023 733 1056 dem
764 1022 901 1056 Marlfte
931 1022 1068 1056 Kralitz-
1098 1024 1195 1056 einen
1234 1020 1347 1055 Wald.
1408 1020 1465 1054 Dt.
1501 1020 1643 1053 (lltniltz.
1673 1019 1707 1053 S.
1741 1019 1846 1052 Dz-ltr.
1878 1018 1992 1052 1375.

287 1107 456 1175 Jodocus
486 1128 538 1161 dei
575 1130 682 1172 gratia
720 1127 870 1160 marchio
906 1127 1060 1161 Morax‘ie
1096 1131 1209 1160 notum
1244 1126 1384 1160 facimus
1420 1130 1537 1159 tenore
1574 1126 1776 1170 presentium
1812 1126 1992 1156 universis.

131 1187 225 1229 Quod
265 1191 339 1233 quia
378 1188 417 1221 ad
456 1188 657 1233 implendum
696 1199 747 1231 ea.
783 1198 847 1233 que
882 1188 1016 1221 illustris
1051 1190 1206 1232 princeps
1245 1192 1275 1220 et
1315 1187 1467 1220 dominus
1505 1185 1689 1219 ι10113111105.
1729 1185 1805 1217 olim
1843 1183 1994 1217 marchio

129 1248 295 1283 Morax'ie.
325 1252 458 1293 genitor
485 1253 601 1282 noster
636 1251 840 1282 carissimus.
870 1260 929 1294 pro
964 1248 1102 1281 utilitate
1137 1247 1342 1281 subditorum
1381 1251 1571 1280 nostrorum
1611 1245 1748 1291 implere
1787 1244 1992 1278 intendebat.

131 1308 313 1342 efficaciter
341 1309 547 1343 advertimus
576 1309 770 1354 adimplere,
800 1320 881 1342 sano
902 1311 1003 1353 igitur
1031 1311 1140 1341 animo
1162 1307 1344 1341 deliberato
1366 1308 1406 1341 de
1427 1311 1517 1340 certa
1539 1311 1652 1339 nostra
1674 1308 1810 1339 scientia
1833 1309 1863 1337 et
1885 1306 1992 1348 gratia

130 1369 267 1415 speciali
295 1373 353 1403 toti
382 1373 609 1403 communitati
640 1374 672 1403 et
701 1369 940 1403 habitatoribus
975 1371 1142 1402 universis
1179 1369 1346 1402 indivisim
1377 1373 1441 1401 tam
1471 1366 1671 1412 pauperibus
1702 1377 1798 1411 quam
1839 1364 1995 1398 divitibus

132 1429 240 1475 oppidi
271 1429 414 1473 Grebcz,
445 1429 595 1463 fidelibus
624 1433 747 1464 nostris
776 1429 916 1463 dilectis.
937 1430 1056 1463 silvam
1086 1441 1146 1463 seu
1175 1429 1328 1463 rubelum
1349 1431 1503 1461 situatum
1533 1438 1636 1472 prope
1667 1426 1811 1459 GrelicZ.
1834 1429 1885 1458 cui
1907 1425 1993 1458 silve

132 1494 273 1535 quatuor
301 1490 380 1524 ville
409 1493 567 1535 contigue
596 1491 761 1534 adjacent.
792 1491 946 1524 videlicet
977 1490 1198 1531 Czerliovicz‚
1228 1489 1452 1534 Trpanovicz.
1484 1487 1693 1521 Wrahoviez
1723 1491 1753 1519 et
1783 1485 1910 1519 Rakus.
1928 1485 1995 1518 de-

133 1549 251 1583 dimus.
272 1550 470 1584 contulimus
491 1555 523 1584 et
543 1551 751 1584 donavimus.
770 1550 896 1592 damus.v
914 1550 1116 1583 conferimus
1133 1549 1343 1595 presentibus
1360 1553 1391 1583 et
1412 1549 1573 1581 donamus
1594 1547 1736 1580 habendi
1758 1546 1890 1579 tenendi
1908 1544 1995 1590 (sic)

135 1610 174 1643 ad
203 1610 427 1644 utifruendum
456 1614 515 1652 sic.v
543 1611 629 1656 1111011
650 1622 816 1656 pauperes
845 1611 997 1656 oppidani
1027 1610 1135 1643 incole
1164 1610 1274 1655 oppidi
1303 1610 1441 1655 predicti
1472 1612 1502 1641 in
1523 1610 1711 1641 succisione
1740 1608 1995 1652 participatione

132 1671 298 1715 lignorum
328 1672 480 1716 equalem
510 1683 584 1705 cum
614 1671 770 1705 divitibus
800 1671 926 1705 habere
955 1671 1074 1704 debent
1104 1673 1289 1716 portionem
1319 1671 1489 1715 perpetuis
1519 1667 1722 1713 temporibus
1752 1666 1911 1699 affuturis.
1933 1664 1995 1699 sub

86 1777 90 1781 st
134 1742 172 1764 ea
202 1731 402 1775 conditione.
433 1732 519 1777 quod
554 1732 693 1778 predicti
723 1732 831 1778 oppidi
862 1734 1079 1765 communitas
1109 1736 1141 1764 et
1178 1731 1286 1764 incole
1322 1729 1429 1763 nobis.
1460 1728 1639 1762 heredibus
1677 1731 1707 1760 et
1743 1726 1996 1760 successoribus

133 1795 267 1825 11051115.
298 1792 545 1826 marchionibus
573 1792 727 1826 Moravie
755 1797 892 1837 propter
927 1792 1139 1825 donationem
1169 1791 1254 1824 silve
1282 1790 1432 1836 predicte
1461 1789 1600 1833 singulis
1629 1791 1723 1821 annis
1753 1787 1834 1820 duas
1864 1797 1996 1819 marcas

135 1863 331 1897 grossorum
361 1853 573 1886 denariorum
604 1855 818 1898 pragensium
854 1855 1015 1885 moravici
1044 1854 1235 1897 pagamenti
1264 1851 1324 1884 sub
1353 1850 1417 1883 hac
1446 1852 1597 1895 sequenti
1637 1848 1801 1882 divisione
1835 1847 1998 1880 videlicet

134 1915 165 1945 in
194 1912 280 1946 festo
309 1916 414 1946 sancti
444 1912 571 1958 Georgi
600 1924 698 1946 11113111
728 1923 875 1945 marcam
904 1917 936 1945 et
967 1916 998 1946 in
1035 1912 1120 1946 sesto
1149 1915 1255 1945 sancti
1282 1910 1455 1945 Michaelis
1487 1921 1582 1943 unam
1620 1920 1766 1942 marcam
1796 1918 1994 1952 grossorum

134 1975 263 2006 numeri
292 1977 324 2006 et
352 1976 543 2018 pagamenti
578 1973 843 2019 supradictorum
881 1972 961 2006 dare
998 1977 1029 2006 et
1063 1984 1226 2006 censu-are
1264 1971 1383 2005 debent
1421 1976 1451 2004 et
1488 1974 1662 2003 tencantur
1698 1973 1858 2014 perpetue
1895 1972 1925 2000 et
1964 1970 1995 1999 111

135 2044 245 2067 evum.
265 2032 463 2067 Mandamus
479 2036 579 2078 igitur
594 2036 762 2067 universis
783 2037 815 2066 et
831 2033 968 2077 singulis
988 2033 1180 2076 baronibus⁷
1202 2032 1377 2066 nobilibus.
1400 2030 1566 2064 militibus.
1585 2029 1770 2063 clientibus.
1791 2028 1996 2072 burgraviis.

133 2092 328 2127 officialibus
366 2096 548 2137 civitatum.
586 2094 781 2140 oppidorum
820 2097 849 2126 et
880 2093 1033 2126 villarum
1064 2092 1352 2127 communitatibus
1388 2096 1421 2125 et
1450 2091 1520 2124 aliis
1551 2088 1872 2123 circumsedentibus
1911 2087 1997 2120 silve

132 2153 282 2198 predicte
310 2153 521 2199 presentibus
550 2157 691 2197 seriose,
721 2159 883 2199 quatenus
912 2154 1078 2199 predictos
1099 2153 1283 2198 oppidanos
1313 2157 1342 2186 et
1364 2151 1490 2185 incolas
1511 2155 1644 2183 nostros
1666 2152 1696 2182 in
1713 2151 1860 2194 presenti
1881 2151 1994 2180 nostra

133 2216 239 2257 gratia
270 2212 324 2259 (‘?)
353 2218 383 2247 et
413 2217 444 2247 in
475 2214 558 2248 silva
588 2217 734 2260 ipsorum
765 2214 925 2259 predicta.
956 2225 1051 2259 quam
1082 2216 1161 2259 ipsis
1192 2213 1324 2246 dedisse
1363 2212 1577 2253 dinoscimus,
1607 2214 1639 2243 ut
1670 2208 1849 2254 prefertur.
1880 2210 1994 2252 impe—

134 2272 216 2316 dire.
246 2273 426 2307 molestare
454 2285 513 2307 seu
542 2277 728 2319 inquietare
757 2285 823 2307 non
853 2274 995 2308 debeant
1024 2277 1143 2319 quovis
1172 2273 1283 2315 modo.
1311 2272 1369 2305 sed
1399 2274 1507 2316 potius
1537 2270 1674 2304 eosdem
1704 2268 1744 2301 ab
1765 2271 1854 2301 0111111
1875 2268 1995 2310 injuria

134 2337 166 2366 et
194 2333 344 2367 molestia
374 2334 552 2368 defensare
581 2334 722 2369 fideliter
750 2339 779 2368 et
811 2338 905 2368 tueri.
945 2334 1152 2368 Presentium
1190 2332 1250 2367 sub
1285 2335 1489 2377 appensione
1524 2333 1630 2364 nostri
1668 2329 1766 2373 sigilli
1805 2329 1996 2361 testimonio

134 2392 315 2427 literarum.
346 2394 466 2427 Datum
496 2394 634 2428 Olmucz
668 2406 755 2429 anno
791 2396 913 2429 domini
951 2395 1124 2428 millesimo
1161 2395 1398 2427 trecentesimo
1434 2393 1684 2437 septuagesimo
1722 2391 1847 2434 quinto.
1878 2387 1995 2421 sabato

133 2455 287 2498 proximo
315 2458 390 2499 post
419 2454 504 2488 diem
534 2457 640 2488 sancti
668 2454 798 2489 Nicolai
827 2454 1045 2489 confessoris,

445 2541 606 2575 (Absehrift
629 2551 680 2567 aus
705 2542 767 2567 dem
802 2542 850 2569 16.
874 2542 976 2568 Jahrb.
1007 2542 1036 2566 in
1067 2541 1130 2566 dem
1160 2539 1425 2574 Privilegieueodex
1457 2539 1506 2563 der
1535 2536 1704 2563 Herrschaft
1727 2537 1843 2569 Prerau,
1876 2534 1927 2560 fol.
1959 2534 1999 2558 38

548 2593 585 2618 im
609 2593 868 2628 Landesarchive.)
