2336 3074
994 312 1097 347 181.

214 414 315 448 Sale'lf
345 426 410 448 ron
440 414 552 448 Isom'c
581 418 717 458 entsaqt
746 415 837 449 allen.
866 414 1021 449 Reeleten
1053 417 1120 460 (inf
1142 416 1206 449 den
1244 413 1357 459 Wald,
1386 419 1539 459 yenannl
1568 416 1733 450 Biterslm
1763 416 1861 449 leura.

771 474 829 508 Dt.
863 475 920 510 15,
953 475 1056 520 April
1087 475 1195 509 1380.
1226 487 1252 508 s.
1285 476 1305 508 l.

267 550 312 604 ¹11
341 574 474 604 nomine
504 571 627 604 domini
647 582 754 604 amen.
787 570 887 604 Anno
909 573 1088 604 mitivitatis
1109 570 1257 603 eiusdem
1280 570 1453 604 millesimo
1475 574 1700 604 tricentesimo
1722 574 1967 615 octuagesima

110 631 298 664 indiccione
334 634 448 670 tercia,
479 631 531 664 die
572 631 633 664 XV
663 634 785 665 mensis
815 632 953 677 Aprilis.
984 630 1066 664 hora
1096 633 1199 664 tercia
1229 631 1283 663 vel
1322 634 1427 675 quasi.
1458 631 1667 676 pontificatus
1705 634 1905 665 sanctissimi
1941 634 1973 664 in

111 690 243 725 Christo
272 694 375 737 patris
403 703 443 725 ac
472 691 594 725 domini
633 691 755 725 domini
784 691 910 726 Urbani
940 692 1051 725 divina
1089 690 1306 736 providencia
1337 702 1420 736 pape
1449 695 1535 725 sexti
1566 703 1652 725 anno
1692 695 1807 730 tercio,
1839 694 1870 724 in
1909 694 1974 724 mei

110 754 230 785 notarii
258 751 379 797 publici
409 751 611 797 infrascripti
640 755 838 797 testiumque
867 754 1042 797 presencia
1072 750 1335 795 subscriptorum
1366 754 1562 784 constitutus
1583 752 1835 796 presencialiter
1855 750 1973 784 nobilis

108 815 162 846 vir
191 811 304 845 Sulico
334 812 439 845 dictus
469 812 508 845 de
542 811 665 845 Conicz
695 812 775 846 alias
811 813 852 846 de
880 811 1088 846 Hrubschicz
1118 814 1207 844 circa
1246 811 1364 845 silvam
1404 822 1463 844 seu
1501 816 1659 855 montenu
1690 823 1753 856 que
1790 812 1974 856 vulgariter

110 871 279 918 Bylebska
309 871 391 905 hora
421 877 640 918 nuncupatur,
672 876 760 906 omni
784 874 864 916 juri,
893 875 921 906 si
950 872 1036 917 quod
1075 871 1136 905 sibi
1166 872 1222 905 vel
1251 871 1521 905 antecessoribus
1551 875 1652 917 ipsius
1690 884 1843 917 umquam
1874 883 1973 905 com-

109 934 210 978 peciit
237 935 269 966 in
300 933 417 966 eadem
456 933 552 975 silva,
584 937 711 966 matura
748 932 996 966 deliberacione
1034 932 1207 978 prehabita
1246 931 1377 978 publice
1415 937 1446 965 et
1484 943 1647 978 expresse
1685 935 1895 966 renunciavit
1932 944 1971 965 ac

109 995 216 1026 eciam
245 995 451 1038 possessioni
480 993 629 1027 eiusdem
659 993 755 1029 silvei
785 997 883 1038 prout
911 993 951 1026 de
982 994 1059 1036 jure
1089 991 1211 1035 debuit,
1241 995 1373 1037 integre
1402 997 1434 1026 et
1463 1004 1507 1026 ex
1541 997 1609 1026 toto
1641 996 1742 1026 cessit
1776 992 1876 1026 nichil
1914 991 1974 1025 sibi

110 1064 173 1086 nec
202 1052 382 1087 heredibus
411 1056 478 1087 suis
507 1055 539 1086 in
568 1058 664 1086 antea
689 1054 774 1097 juris
803 1064 863 1087 seu
891 1055 1105 1098 proprietatis
1134 1055 1165 1086 in
1195 1053 1313 1086 eadem
1342 1053 1564 1095 reservando7
1594 1064 1846 1097 recognoscens
1868 1056 1973 1085 eciam

111 1113 252 1147 eandem
281 1113 400 1147 silvam
429 1116 599 1159 perpetuis
628 1113 831 1158 temporibus
860 1113 899 1147 ad
930 1112 1134 1159 prebendam
1164 1113 1405 1156 canonicalem,
1427 1124 1523 1158 quam
1546 1113 1585 1146 ad
1607 1124 1747 1158 presens
1768 1112 1973 1146 honorabilis

110 1176 162 1207 vir
191 1173 342 1207 dominus
373 1172 544 1207 Cristanus
574 1176 754 1207 canonicus
785 1173 1018 1207 Olomucensis
1048 1173 1185 1217 obtinet„
1217 1178 1247 1207 et
1277 1175 1317 1207 ad
1346 1174 1458 1207 villam
1479 1173 1676 1219 Byelowicz
1706 1177 1912 1218 spectantem
1934 1172 1974 1205 ad

110 1233 249 1267 eandem
280 1233 484 1279 prebendam
513 1236 693 1279 pertinere.
741 1233 791 1267 Eo
821 1236 928 1267 eciam
957 1233 1087 1267 adiecto
1117 1234 1308 1280 specialiter
1337 1238 1369 1267 et
1398 1244 1575 1279 expresse„
1605 1234 1691 1279 quod
1722 1236 1793 1279 ipse
1823 1233 1975 1266 dominus

111 1292 224 1327 Sulico
253 1296 459 1339 prescriptus
488 1293 627 1338 singulis
655 1297 749 1327 annis
778 1294 867 1338 ligna
897 1294 937 1327 de
967 1294 1085 1327 eadem
1114 1294 1200 1329 silva
1229 1306 1289 1340 pro
1320 1297 1533 1328 cremacione
1562 1293 1657 1328 stube
1679 1297 1771 1327 curie
1791 1296 1892 1338 ipsius
1914 1296 1975 1327 site

110 1354 249 1388 invilla
278 1353 486 1388 Hrubschicz
515 1354 690 1388 succidere
719 1358 751 1387 et
789 1354 934 1387 educere
971 1357 1092 1399 poterit
1129 1359 1161 1388 et
1199 1354 1332 1388 debebit
1367 1357 1438 1388 sine
1477 1353 1621 1398 quolibet
1660 1353 1895 1399 impedimento
1935 1352 1974 1386 ad

111 1419 261 1460 tempora
290 1417 358 1448 vite
388 1426 447 1449 sue
476 1414 647 1448 dumtaxat
676 1419 707 1448 et
736 1425 802 1448 non
831 1414 926 1448 ultra.
983 1414 1023 1447 Et
1053 1417 1079 1448 si
1116 1415 1238 1448 dictum
1269 1414 1460 1448 Suliconem
1491 1413 1600 1447 medio
1631 1418 1782 1459 tempore
1811 1413 1973 1458 prefatam

111 1477 237 1509 curiam
266 1486 359 1509 suam
388 1475 539 1509 vendere
569 1478 752 1519 contingat.
783 1474 982 1519 habebitque
1021 1474 1106 1507 idem
1144 1479 1274 1520 emptor
1306 1475 1361 1518 jus
1399 1473 1591 1507 succidendi
1629 1473 1718 1518 ligna
1756 1476 1788 1506 in
1826 1473 1974 1518 predicta

111 1535 194 1569 silva
224 1545 284 1580 pro
314 1534 390 1568 foco
420 1539 452 1567 et
480 1537 558 1578 igne
587 1537 778 1568 necessaria
819 1537 850 1567 in
879 1534 1043 1568 antedicta
1079 1537 1169 1567 curia
1207 1545 1267 1579 per
1303 1538 1453 1579 tempora
1487 1536 1556 1567 vite
1592 1536 1693 1579 ipsius
1732 1533 1911 1568 Silliconis
1941 1537 1975 1565 ut

110 1594 290 1641 prefertur.
322 1594 432 1640 Super
461 1594 577 1639 quibus
607 1594 758 1628 omnibus
788 1599 820 1628 et
853 1594 991 1639 singulis
1021 1597 1254 1640 suprascriptis
1292 1594 1507 1628 honorabiles
1542 1596 1606 1627 viri
1646 1593 1768 1626 domini
1803 1592 1974 1626 Cristanus

110 1658 316 1701 prescriptus
345 1659 375 1687 et
405 1654 583 1688 Hartlebus
604 1657 755 1687 canonici
776 1654 861 1687 dIcte
887 1654 1030 1687 ecclesie
1052 1654 1284 1688 Olomucensis
1305 1665 1364 1687 suo
1386 1658 1418 1687 et
1439 1681 1445 1688 .
1470 1681 1476 1688 .
1507 1654 1639 1699 capituli
1661 1653 1809 1687 eiusdem
1830 1653 1975 1686 ecclesie

111 1715 345 1749 Olomucensis
374 1714 561 1748 nominibus
590 1717 763 1760 pecierunt
790 1714 852 1748 sibi
880 1725 941 1760 per
970 1726 1022 1748 nie
1052 1718 1215 1748 notarium
1245 1714 1411 1760 publicum
1440 1712 1976 1759 infrascr1ptumfieriunumvel

109 1775 204 1821 plura
231 1774 398 1820 publicum
428 1775 482 1808 vel
511 1774 640 1820 publica
669 1777 897 1808 instrumenta.
928 1775 1014 1808 Acta
1053 1779 1127 1809 sunt
1162 1774 1224 1808 hec
1253 1785 1351 1817 aan
1390 1774 1588 1811 indiccione*
1619 1773 1683 1809 diet
1713 1784 1841 1815 meuse,
1879 1772 1974 1815 hora‚

111 1834 321 1881 pontificatus
351 1839 383 1868 et
411 1835 485 1868 loco
515 1834 632 1879 quibus
660 1837 865 1880 prescriptis.
895 1834 1106 1880 presentibus
1133 1835 1285 1868 discretis
1314 1837 1395 1868 viris
1416 1834 1549 1867 domino
1570 1834 1646 1867 Ade
1667 1833 1808 1879 plebano
1830 1832 1974 1866 ecclesie

111 1895 330 1941 parrochialis
365 1898 397 1928 in
436 1894 559 1928 Conicz
599 1894 706 1928 Olom.
746 1894 901 1932 diocesia
932 1894 1079 1929 Jeskone
1118 1894 1246 1928 Cliente
1284 1894 1324 1928 de
1362 1894 1540 1937 Hluchow„
1571 1893 1759 1927 Friczkone
1793 1893 1906 1937 judice
1943 1896 1975 1926 in

111 1955 305 2001 NVylowicz
335 1960 367 1988 et
395 1954 564 1989 Mixicone
594 1954 746 1988 familiari
775 1954 898 1988 domini
928 1954 1071 1989 Cristani
1101 1957 1317 2000 suprascripti
1338 1954 1475 1988 testibus
1496 1959 1570 2000 aput
1592 1957 1756 1999 premissa
1777 1956 1973 1987 constitutis.

267 2015 308 2049 Et
337 2026 402 2060 ego
439 2015 558 2049 Paulus
596 2015 762 2060 quondam
791 2014 964 2049 Michaelis
1002 2016 1042 2049 de
1071 2015 1249 2049 Dobrencz
1288 2015 1430 2048 clericus
1469 2014 1576 2049 Olom.
1609 2014 1693 2048 dioc.
1725 2013 1873 2059 publicus
1909 2018 1972 2046 etc.

111 2079 260 2110 notarius
289 2080 352 2110 etc.

423 2128 512 2163 (Orig.
538 2129 619 2161 Perg.
644 2128 681 2153 irn
706 2128 779 2153 Olm.
806 2127 1064 2161 Kapitelarchive.)

997 2271 1100 2307 182.

114 2376 189 2410 Der
218 2375 617 2409 Domitiilianerconoent
653 2377 685 2409 in
718 2375 850 2408 Olmz't'tz
880 2374 1091 2420 rerpfliclzlet
1118 2374 1203 2417 εἰεί),
1233 2373 1359 2417 ἰίιῖῃίίοΙι
1390 2375 1466 2407 eine
1496 2373 1609 2406 Messe
1638 2373 1679 2406 de
1707 2372 1811 2406 beata
1843 2373 1974 2415 rirqe‘ne

632 2447 673 2469 zu
702 2437 832 2480 sinyen.
865 2435 923 2469 Dt.
959 2435 1090 2468 Olmit‘tz
1119 2434 1177 2468 29.
1209 2434 1314 2478 April
1344 2432 1453 2466 1380.

268 2502 356 2557 Nos
385 2522 489 2556 frater
517 2522 663 2556 Jacobus
693 2525 795 2568 prior„
826 2521 941 2556 Petrus
971 2521 1125 2566 subprior
1155 2525 1307 2565 totusque
1336 2523 1523 2553 conventus
1553 2519 1669 2552 domus
1699 2521 1805 2552 sancti
1834 2518 1973 2552 Micha-

113 2583 196 2616 helis
225 2584 257 2616 in
288 2582 471 2616 Olomuncz
501 2583 626 2616 ordinis
655 2582 793 2616 fratrum
823 2582 1069 2628 predicatorum
1100 2582 1376 2625 recognoscimus
1406 2584 1522 2612 tenore
1551 2581 1762 2624 presencium
1791 2581 1972 2621 universis,

113 2643 199 2688 quod
230 2645 304 2687 quia
334 2643 468 2676 illustris
497 2647 595 2688 atque
624 2642 820 2687 magnificus
841 2645 996 2688 princeps
1025 2653 1065 2675 ac
1085 2642 1238 2675 dominus
1259 2641 1410 2674 dominus
1430 2639 1578 2672 Jodocus
1600 2638 1749 2671 marchio
1770 2643 1800 2671 et
1822 2638 1974 2672 dominus
