2336 3074
1241 192 1313 225 4⁵2

344 306 567 335 reteri-utiam
590 310 795 332 conserturi·
825 302 854 330 et
886 300 914 330 ei
937 302 1053 330 cum-ia
1083 296 1237 330 subicere
1258 300 1287 329 et
1318 296 1357 329 ad
1389 297 1460 340 ejus
1482 296 1649 330 deducere
1679 299 1846 331 unionem.
1877 296 1916 329 ad
1945 297 2016 340 ejus
2037 300 2208 329 auctorem

343 363 404 395 huc
433 362 657 407 :ipostoloruiu
690 363 828 405 primum
860 358 993 391 domiuo
1024 357 1179 402 loquente
1202 361 1401 403 prweeptum
1433 361 1503 390 est:
1534 356 1670 391 Pasce
1700 368 1810 390 oves
1841 368 1975 398 meas;
2004 367 2101 401 quain
2132 366 2208 390 csse

342 427 484 456 oninium
517 433 598 455 rere
628 420 846 453 ecelesiarum
878 422 972 464 caput
1004 422 1032 451 et
1065 422 1192 463 patrum
1224 417 1348 459 regula·
1377 422 1406 450 et
1439 420 1621 463 principum
1653 421 1771 451 sintina
1801 417 1985 451 declarant.
2030 416 2112 450 Nam
2144 428 2208 462 pax

342 483 505 516 ecclesian
537 481 707 520 religionis
730 483 835 513 unitas
857 484 1026 512 auctorem
1057 478 1132 511 facti
1164 481 1193 511 in
1215 476 1354 511 sublime
1376 482 1571 523 provectum
1593 482 1688 522 grata
1710 477 1770 512 sibi
1793 477 2026 523 tranquillitate
2047 477 2211 518 cnstodit;

343 555 449 588 neque
480 554 581 588 pai-xa
613 544 641 574 ei
673 540 865 574 vicissitudo
895 551 912 572 a
944 542 1089 585 putentia
1120 539 1230 572 diviua
1262 537 1424 574 tribuitur.
1463 550 1523 584 pei·
1551 550 1648 584 quem
1680 539 1775 572 nullis
1805 541 1897 583 rugis
1927 538 2069 572 ecclesia
2105 538 2209 572 divisa

342 606 540 637 secernitur.
571 602 665 635 nullis
696 604 813 634 mentis
844 600 980 633 maculis
1012 602 1170 633 variatur.
1202 598 1292 632 Sane
1323 598 1434 632 feralis
1464 602 1566 645 pestis
1595 602 1760 634 scismatis
1789 610 1877 633 nuuc
1905 601 2051 644 vigentis
2080 610 2209 644 prope-

344 664 475 697 modum
507 668 652 696 nostram
683 662 787 708 pulsat
811 662 1031 705 majestatem.
1062 659 1148 705 quod
1171 662 1324 705 provenit
1354 671 1396 693 ex
1419 658 1544 693 duabus
1565 659 1685 693 dudum
1717 659 1812 694 factis
1841 658 2070 694 electionibus.
2102 658 2210 693 Prima

342 725 398 758 fuit
431 727 460 757 in
491 734 667 769 personam
700 722 933 755 l3artholoiua=i
963 720 1207 766 archiepiscopi
1247 725 1322 753 tunc
1352 719 1509 754 Bai-ensis
1546 723 1577 753 in
1606 719 1725 764 Roma,
1755 720 1817 754 alia
1848 732 1931 755 vcro
1971 723 2002 754 in
2033 730 2209 765 personam

344 784 480 818 Roberti
511 784 551 817 de
572 783 732 817 Gebenua
763 787 840 816 tunc
868 787 991 816 sancta·
1021 793 1167 815 romanie
1196 781 1349 815 ecclesiae
1370 780 1554 815 Cardinalis
1584 783 1615 814 in
1645 780 1779 815 Fundis.
1812 780 1907 815 Unde
1928 781 1967 814 ad
1998 784 2101 815 instar
2124 781 2210 824 juris

344 848 505 883 flentium.
536 847 769 888 ingemiorunn
799 854 975 877 servorum
1002 846 1034 876 et
1062 841 1290 876 libertinorum
1321 845 1387 875 tres
1417 841 1601 887 procedunt
1630 843 1774 887 species,
1804 840 1946 875 fidelium
1976 843 2030 886 qui
2055 840 2210 874 obediunt

344 916 428 939 vero
458 916 561 951 papae.
592 907 855 938 scismatieorum
878 903 1116 937 adlnerentium
1143 905 1304 948 antipapae
1333 906 1364 935 ct
1394 902 1660 945 indifferentium,
1690 902 1818 936 scilicet
1845 904 2025 935 tenentium
2047 905 2210 939 neutrum,

344 977 418 999 cuni
449 970 545 999 antea
576 965 833 999 concluderetur
862 967 892 997 in
922 975 998 997 una.
1032 964 1095 997 Alii
1117 974 1200 997 vero
1230 966 1378 1008 quartam
1400 965 1613 1005 constituunt,
1643 967 1819 1007 utrumque
1848 966 1999 996 tenentes
2029 966 2062 995 et
2081 961 2211 1007 suppli—

343 1031 459 1060 cantes
489 1029 629 1071 utrique.
661 1025 756 1067 Quod
779 1025 918 1058 moleste
947 1027 1035 1067 gerit
1064 1028 1176 1057 nostra
1207 1026 1299 1067 regia
1330 1023 1503 1067 celsituds),
1534 1023 1609 1057 dum
1639 1026 1779 1069 percipit
1808 1023 2038 1057 inconsutilem
2069 1025 2210 1056 tunicam

344 1087 488 1122 Domini.
518 1091 641 1120 sanctae
671 1086 827 1120 videlicet.
855 1084 1008 1119 ecclesia}
1036 1084 1191 1119 scindere
1220 1086 1390 1118 unitatem.
1420 1083 1500 1117 Ideo
1530 1086 1624 1129 regia
1649 1083 1823 1130 prudentia
1853 1095 1914 1118 nos
1944 1088 2033 1117 tanto
2062 1082 2210 1129 periculo

343 1147 496 1181 volentes
525 1158 719 1181 occurrere.
749 1146 835 1192 quod
865 1157 930 1180 nou
961 1146 1066 1179 solum
1097 1156 1275 1190 corporum
1305 1144 1364 1178 sed
1386 1149 1525 1178 mortem
1557 1147 1655 1178 etiam
1685 1149 1843 1190 procurat
1863 1147 2059 1187 animarum„
2091 1147 2212 1177 vesu-ae

342 1211 512 1242 serenitati
542 1210 710 1241 universis
741 1206 916 1241 virtutibus
955 1206 1122 1240 illustratae
1152 1205 1192 1239 de
1230 1209 1342 1239 nostra
1373 1209 1464 1238 certa
1503 1207 1640 1238 scientia
1678 1205 1906 1238 moderatione
1936 1204 2064 1239 consilii
2102 1203 2211 1238 valide

344 1268 538 1302 confirmata
560 1270 787 1301 commisimus
808 1271 840 1301 et
868 1269 1102 1300 committimus
1132 1277 1191 1312 per
1217 1269 1412 1311 praesentes,
1442 1269 1604 1310 quatenus
1627 1268 1701 1299 vice
1722 1270 1753 1299 et
1773 1267 1907 1298 nomine
1928 1267 2050 1299 nostris
2070 1263 2210 1298 candem

342 1332 570 1371 serenitatem,
609 1339 682 1361 cum
713 1328 752 1362 ad
783 1328 888 1361 dictas
927 1327 1027 1361 Italia·
1065 1331 1097 1361 et
1126 1326 1387 1360 ultramontanas
1416 1330 1528 1372 partes
1566 1328 1772 1372 pervenerit,
1811 1326 1874 1359 deo
1904 1325 2014 1369 dante,
2049 1336 2123 1359 cuni
2160 1324 2211 1358 dei

344 1393 473 1431 timoreq
511 1389 633 1423 devota
673 1393 795 1426 mente.
834 1388 986 1434 prudenti
1025 1387 1206 1433 diligentia„
1244 1386 1392 1431 diligenti
1427 1386 1651 1432 providentia,
1688 1386 1828 1432 provida
1867 1397 1959 1429 cura,
2002 1385 2142 1420 sollicito
2180 1388 2212 1418 ct

345 1451 493 1494 vigilanti
514 1449 622 1484 studio
643 1450 841 1493 informetis,
871 1452 942 1494 quis
964 1448 1126 1482 dictorum
1148 1446 1382 1481 Bartholounei
1412 1451 1442 1479 et
1464 1445 1601 1480 Roberti
1631 1451 1855 1481 sacrosanctae
1884 1458 2030 1480 romanae
2059 1445 2211 1479 ecclcsiae

345 1514 457 1544 matris
493 1515 627 1553 nostrae,
664 1511 760 1555 cujus
798 1510 953 1544 advocati
986 1511 1082 1553 juxta
1121 1511 1301 1542 canonicas
1338 1509 1528 1541 sanctiones
1565 1518 1678 1542 sumus
1717 1511 1749 1541 et
1790 1506 2000 1551 defensores,
2039 1517 2142 1541 verus
2180 1510 2211 1539 et

343 1572 509 1615 legitimus
539 1582 693 1617 sponsus,
725 1570 846 1605 Christi
884 1573 1030 1604 vicarius
1069 1574 1101 1603 et
1135 1569 1223 1603 beati
1252 1568 1339 1602 Petri
1377 1579 1555 1602 successor
1593 1571 1716 1612 existit,
1755 1573 1787 1602 ct
1815 1568 1903 1602 illum
1933 1568 2075 1611 illorum,
2113 1578 2210 1613 quem

342 1632 464 1666 Christi
495 1635 656 1666 vicarium
687 1643 762 1666 esse
792 1634 998 1677 repereritis,
1028 1633 1059 1664 in
1089 1641 1207 1664 verum
1224 1628 1346 1674 Papam
1367 1631 1548 1675 recipiatis,
1578 1628 1740 1673 habeatis,
1771 1633 1803 1662 et
1832 1631 1966 1663 omnino
1995 1631 2148 1671 teneatis,
2180 1632 2212 1661 et

341 1695 545 1726 necessariis
575 1692 702 1726 viribus
732 1695 763 1726 in
793 1695 861 1726 suis
890 1694 1057 1725 universis
1083 1690 1213 1735 juribus
1234 1691 1416 1736 protegatis
1446 1693 1478 1722 et
1507 1689 1705 1733 defendatis,
1735 1688 1796 1724 sibi
1826 1700 1958 1723 omnem
1984 1690 2209 1723 reverentiam

344 1753 510 1787 humiliter
531 1758 561 1787 et
591 1756 622 1787 in
643 1756 732 1787 omni
753 1753 934 1787 devotione
955 1751 1154 1786 exhibentes
1175 1753 1273 1784 ctiam
1304 1752 1379 1783 vice
1409 1754 1544 1791 nostra;
1574 1750 1672 1783 alium
1692 1760 1776 1783 vero
1796 1750 1958 1795 perditum
1990 1753 2020 1783 et
2050 1752 2210 1783 intrusum

345 1814 485 1848 viriliter
514 1814 688 1860 expellatis
719 1818 750 1847 ct
779 1813 886 1847 ultore
915 1812 1026 1857 ,gladio
1057 1817 1210 1857 tanquam
1241 1813 1339 1844 totius
1359 1809 1608 1845 christianitatis
1638 1813 1830 1844 invasorem
1861 1814 1893 1843 et
1922 1809 2056 1843 humani
2075 1812 2211 1855 generis

345 1877 513 1908 inimicum
544 1877 780 1920 persequimini
809 1874 898 1908 velut
930 1873 1081 1915 hostem3
1110 1874 1264 1918 quoniam
1294 1881 1428 1916 semper
1457 1881 1614 1915 magnum
1643 1870 1738 1905 nobis
1767 1870 1827 1904 fuit
1855 1870 1997 1904 studium
2035 1872 2211 1904 veritatem

342 1935 536 1981 apostolica}
565 1934 654 1968 sedis
683 1939 713 1968 et
745 1939 864 1968 statum
894 1938 1082 1968 sanctarum
1113 1933 1166 1967 dei
1195 1932 1414 1966 ecclesiarum
1444 1931 1624 1965 custodire.
1682 1930 1739 1965 Sic
1768 1933 1854 1965 enim
1884 1933 2084 1965 inconcusse
2113 1934 2211 1975 atque

342 1995 501 2029 inviolate
541 1994 663 2028 devota
693 1995 756 2028 deo
791 1999 823 2028 et
861 1997 912 2040 pia
952 1998 1062 2028 mente
1100 1993 1327 2027 celsitudinem
1367 1997 1514 2027 vestram
1553 2004 1590 2027 se
1628 1991 1754 2027 habere
1782 1992 1937 2027 volumus
1967 1995 1998 2026 in
2034 1991 2211 2038 praedictis‚

341 2056 429 2102 quod
468 2056 530 2090 soli
568 2057 690 2089 vestris
728 2054 994 2101 professionibus
1029 2054 1263 2096 adversentur,
1302 2053 1342 2087 de
1381 2052 1498 2098 quibus
1537 2053 1647 2087 diviua
1686 2053 1829 2098 loquitur
1870 2055 2034 2099 scriptura
2076 2052 2210 2086 dicens:

342 2116 600 2150 Posuerunt
632 2116 908 2149 mendacium
939 2125 1056 2160 spem
1094 2125 1212 2147 suam
1251 2118 1293 2147 et
1321 2114 1598 2148 mendacium
1628 2116 1755 2160 operi
1793 2117 2114 2159 speraverunt.
2171 2111 2210 2146 Et

342 2180 460 2211 iterum
490 2180 545 2222 qui
574 2177 756 2211 secundum
786 2175 982 2222 prophetam
1013 2175 1142 2208 dicunt:
1183 2174 1381 2217 Domine,
1410 2174 1578 2208 recede
1607 2186 1624 2208 a
1654 2174 1800 2217 nobis,
1836 2176 1933 2208 vias
1963 2178 2061 2208 tuas
2090 2177 2211 2208 scire

342 2238 556 2271 nolumus.
614 2237 754 2282 Propter
782 2236 868 2282 quod
900 2235 1059 2269 Salomon
1089 2234 1185 2267 dicit:
1229 2233 1425 2268 Semitas
1463 2238 1657 2280 propriae
1694 2234 1881 2268 culturae
1916 2238 2211 2277 erraverunt,

342 2298 570 2342 colligunt
600 2310 617 2331 a
631 2302 745 2331 utem
776 2296 980 2331 manibus
1010 2294 1311 2329 infructuosa.
1363 2294 1524 2339 Quicquid
1555 2298 1641 2328 enim
1671 2299 1702 2328 et
1732 2296 1820 2327 circa
1851 2298 2020 2340 praemissa
2051 2294 2209 2329 feceritis.

341 2358 589 2401 ordinaveritis,
634 2358 867 2400 decreveritis,
911 2358 1090 2391 statueritis
1133 2359 1165 2388 et
1206 2354 1468 2395 declaraveritis,
1512 2355 1762 2389 auctoritatibus
1806 2359 1928 2389 nostris
1970 2358 2086 2400 regiis,
2131 2366 2211 2401 quas

342 2418 490 2463 plenarie
520 2421 552 2452 in
580 2423 704 2452 vestrae
743 2418 950 2451 excellentia·
987 2426 1166 2462 personam
1203 2415 1435 2449 transferimus
1473 2418 1504 2449 in
1543 2415 1605 2448 hac
1643 2420 1748 2461 parte„
1779 2415 1917 2450 firmiter
1946 2421 1978 2450 et
2011 2419 2211 2450 inconcusse

341 2478 538 2513 tenebimus.
569 2477 837 2514 observabimus
868 2482 897 2511 et
929 2476 1166 2514 custodiemus„
1197 2487 1236 2509 ac
1265 2487 1282 2508 a
1312 2478 1434 2509 nostris
1463 2475 1602 2509 subditis
1631 2480 1749 2519 teneri,
1784 2476 1959 2510 observari
1989 2481 2022 2510 et
2051 2476 2209 2510 custodiri

342 2541 511 2583 perpetuis
541 2538 744 2584 temporibus
775 2538 948 2573 faciemus.
983 2538 1194 2581 juramentis,
1234 2535 1510 2582 promissionibus
1548 2540 1580 2569 et
1615 2536 1822 2582 pactionibus
1852 2540 1883 2570 in
1913 2539 2115 2571 contrarium
2152 2547 2212 2582 per

345 2609 405 2632 nos
435 2598 530 2632 factis
560 2604 589 2632 et
620 2601 784 2644 praestitis.
816 2610 888 2643 quae
916 2600 946 2631 in
978 2597 1042 2631 hoc
1080 2608 1158 2631 casu
1190 2598 1286 2641 juxta
1325 2599 1504 2630 canonicas
1540 2600 1570 2630 et
1606 2597 1723 2631 civiles
1762 2600 1951 2631 sanctiones
1980 2597 2098 2631 nullius
2137 2601 2212 2631 sunt

344 2662 514 2701 momenti,
544 2670 608 2692 non
631 2658 836 2693 obstantibus
857 2658 1126 2704 quibuscunque:
1156 2661 1379 2703 protestantes
1402 2667 1565 2702 expresse
1586 2657 1672 2702 quod
1702 2668 1762 2703 per
1792 2662 1988 2703 praesentem
2010 2661 2208 2703 potestatem
