2336 3074
1250 189 1317 223 tou

352 298 511 330 uorum.
543 298 693 329 dominus
734 301 847 328 noster
885 298 1073 333 :Jt'tieiostts.
1105 295 1261 329 intuendo
1299 295 1449 328 desectus
1487 298 1600 328 nostre
1635 296 1840 339 paupertatis
1874 297 1906 327 ct
1945 296 2066 339 inopie,
2097 292 2214 338 quibus

349 360 536 394 attinguntur.
568 358 607 389 de
637 369 694 389 sue
733 357 893 393 targitatis·
933 356 1163 390 inuniliceneia
1204 367 1264 389 uos
1303 360 1332 388 et
1369 355 1548 388 claustrum
1585 359 1732 388 nostrum
1769 354 1929 396 snm-utari
1969 353 2215 387 consolacionis

349 419 434 450 dono
467 421 635 462 respicere
666 418 819 454 «liminius
850 421 911 450 est.
942 420 1068 450 curium
1099 417 1285 450 allodialeiu
1316 415 1357 449 de
1387 414 1513 449 duabus¹
1543 417 1684 448 araturis
1714 417 1808 448 sitam
1838 417 1868 447 in
1892 414 2111 459 llnyewotyn
2141 424 2215 447 cum

348 479 484 514 <iugulis
515 481 581 510 >uis
612 480 826 522 pertinenciis
857 477 950 511 nobis
991 483 1019 510 et
1051 478 1195 511 elaustro
1226 481 1341 510 nostro
1380 476 1479 517 dedit,
1519 475 1651 509 donavit
1692 479 1721 508 et
1761 474 1909 510 contulit.
1940 479 2038 520 prout
2075 477 2106 507 in
2144 474 2217 508 aliis

349 539 449 570 ltt··t·1>·
480 538 626 570 eiusdem
657 541 815 581 generosi
846 538 968 571 domini
1000 542 1103 571 nostri
1135 537 1350 578 mai-ebionis,
1372 548 1435 581 que
1465 536 1560 570 nobis
1589 535 1664 569 date
1694 539 1769 569 sunt
1789 535 1945 581 desuper„
1967 535 2106 569 lucidius
2128 546 2216 568 con-

348 602 484 631 tinetur:
517 610 576 630 uos
607 610 689 631 vero
719 602 772 643 qui
804 598 988 632 huiusmodi
1017 599 1254 632 lwneliciorum
1286 608 1351 630 non
1381 596 1541 630 debemus
1571 608 1647 630 esse
1668 599 1883 638 inmemores„
1905 606 2019 640 ymmo
2049 595 2216 640 quomodo

348 664 375 691 et
408 659 548 703 qualiter
578 670 637 704 pro
667 662 738 691 eius
768 659 873 692 salute
903 664 1018 693 eterna
1049 659 1242 692 exorandus
1272 661 1313 691 sit.
1342 658 1424 690 deus
1460 661 1491 691 et
1520 656 1560 690 ab
1591 659 1661 703 ipso
1700 661 1854 690 creatore
1884 667 1943 701 per
1979 655 2079 689 (livini
2110 655 2216 690 cultus

347 719 544 752 sacritieimn
575 723 739 752 tantorum
772 723 964 753 meritorum
996 723 1160 765 possimus
1182 722 1361 764 impetrare
1383 717 1641 750 retriluicionem
1662 716 1871 750 intendamus
1892 716 2017 750 sollerti
2039 718 2215 749 conamine

348 790 411 812 non
443 784 550 811 cesset
583 779 736 813 laborare
767 780 922 814 devocio.
953 780 992 813 ad
1025 780 1087 813 boe
1117 782 1259 813 asstricti
1299 790 1376 812 esse
1405 778 1559 811 volumus
1597 788 1728 810 necnon
1759 781 1790 810 et
1826 787 2044 811 successores
2082 781 2216 811 nostros

347 839 406 871 sub
437 843 577 884 puritate
608 839 680 873 lidei
712 851 750 873 ac
781 843 1068 873 conscienciarum
1100 845 1287 873 nostrarum
1319 838 1506 882 obligamus
1537 841 1567 871 in
1597 841 1805 883 perpetuum„
1827 836 1913 882 quod
1940 836 2079 878 sing-ulis
2100 836 2216 871 diebus

347 902 377 932 iu
408 910 529 932 aurora
569 903 702 934 missam
742 901 782 934 de
821 900 917 934 beata
957 903 1089 943 virgg-ine
1126 903 1156 933 in
1193 900 1287 933 altari
1326 899 1422 932 beate
1457 901 1597 942 virg-inis
1635 900 1665 931 in
1703 897 1849 931 ecclesia
1885 901 2024 930 cantare
2062 896 2216 931 volumus

346 959 562 1004 solempniter
592 972 700 1006 neque
730 963 761 994 111
791 972 831 993 eo
862 961 1108 1003 neglig-eridani
1130 963 1338 993 connnittero
1368 959 1554 1004 aliqualem.
1587 957 1627 992 Et
1647 961 1679 992 in
1699 968 1791 1001 casu,
1814 968 1879 1003 quo
1900 957 2091 1003 supradicte
2112 959 2214 991 misse

347 1019 472 1065 absque
502 1020 621 1065 prefati
651 1024 808 1067 principis
839 1026 868 1054 ct
899 1021 1021 1054 domini
1052 1024 1155 1055 nostri
1185 1022 1343 1065 generosi
1373 1030 1432 1054 seu
1461 1029 1695 1053 successorum
1717 1029 1852 1053 suornm
1883 1017 2019 1063 speciali
2049 1028 2216 1051 consensu

346 1091 411 1113 non
442 1086 663 1125 perag-eretur
692 1082 918 1127 solempnitas.
950 1086 1072 1115 extunc
1103 1081 1188 1115 idem
1219 1081 1371 1114 (lominus
1401 1085 1516 1113 noster
1544 1090 1732 1123 generosus
1758 1078 1907 1112 Jodocus
1937 1082 1969 1111 ct
1997 1088 2216 1112 successores

347 1145 395 1174 sui
427 1141 638 1175 marchiones
668 1147 697 1175 et
729 1142 850 1175 domini
880 1142 1034 1175 Moravie
1063 1141 1183 1175 debent
1214 1140 1339 1174 babere
1364 1142 1419 1184 jus
1449 1145 1478 1174 et
1509 1140 1639 1186 plenam
1669 1142 1868 1185 potestatem
1899 1137 2091 1172 auserrcndi
2119 1136 2216 1172 nobis

348 1205 472 1235 curiam
504 1203 665 1247 prel'atam
696 1207 726 1236 et
758 1202 900 1236 faciendi
940 1202 980 1235 de
1018 1202 1148 1241 eadem„
1188 1201 1263 1247 quid
1300 1204 1348 1235 eis
1386 1201 1559 1247 placuerit„
1589 1203 1705 1233 contra
1744 1210 1840 1244 quam
1882 1198 2089 1232 ablacionem
2127 1197 2215 1232 nulla

344 1263 428 1305 juris
458 1265 608 1295 canonici
638 1265 818 1296 auctoritas
848 1274 906 1295 seu
937 1273 1010 1295 cum
1041 1265 1109 1296 suis
1138 1264 1398 1308 prescripcionis
1427 1263 1597 1307 possessio
1626 1259 1722 1293 nobis
1744 1258 1877 1292 debebit
1898 1261 1929 1292 in
1958 1258 2068 1303 aliquo
2089 1258 2215 1293 sull'ra-

347 1325 430 1366 gari.
489 1322 523 1355 ln
554 1325 646 1355 euius
676 1325 723 1355 rei
754 1325 978 1356 testimonium
1008 1322 1115 1367 sigilla
1149 1326 1263 1355 nostra
1294 1326 1404 1367 utputa
1435 1321 1534 1355 officii
1572 1323 1738 1366 prioratus
1777 1323 1809 1353 et
1845 1323 2032 1353 conventus
2062 1319 2217 1353 duximus

347 1382 557 1427 presentibus
588 1383 816 1427 appendenda.
848 1382 968 1416 Datum
1000 1385 1031 1415 in
1061 1382 1222 1415 Olomucz
1252 1385 1378 1416 mensis
1406 1382 1533 1427 Aprilis
1572 1381 1624 1415 die
1655 1383 1815 1415 vicesima
1852 1390 1938 1413 110113
1977 1390 2063 1413 311110
2094 1379 2217 1413 domini

349 1443 523 1476 millesimo
553 1442 811 1477 cccOLxxx‘).

662 1539 753 1571 ‹tu-ig.
780 1540 861 1572 Porg.
886 1539 955 1564 zwei
989 1548 1023 1563 :in
1057 1539 1138 1572 Pei-g.
1171 1538 1293 1564 Sti-eifen
1326 1538 1488 1572 11.Sig.in
1520 1538 1569 1563 der
1598 1537 1783 1563 Boeeksehen
1817 1535 1984 1569 szunmlung
2016 1535 2052 1560 im
2084 1535 2212 1561 Landes-

764 1589 903 1624 arcliive.)

1237 1761 1340 1796 183.

463 1873 503 1906 [ι’.
543 1871 686 1907 lVenz-el
710 1874 847 1918 sorder!
877 1873 940 1906 den
974 1873 1150 1907 Olmmz-er
1178 1873 1332 1918 Bz'seleof
1354 1875 1426 1918 auf,
1457 1874 1533 1907 eine
1560 1875 1740 1915 strenyere
1769 1870 1879 1904 Zac-ht
1907 1873 2008 1904 meter
2036 1870 2098 1904 fler

652 1933 1072 1977 Seelsoryeqeistlichlseit
1100 1933 1336 1978 einzufillzren.
1379 1933 1479 1967 1380
1508 1934 1604 1967 circa
1632 1932 1794 1977 Alifaieqs
1823 1930 1910 1965 Mai.

504 2025 591 2079 xx<
623 2050 686 2079 etc.
716 2045 932 2080 venerabili.
957 2073 964 2080 .
996 2046 1212 2080 Olomucensi
1242 2049 1401 2092 episcopo
1430 2049 1582 2093 principi,
1602 2045 1659 2080 vel
1678 2046 1750 2090 ejus
1779 2047 1811 2078 in
1840 2043 2065 2090 spiritualibus
2085 2044 2216 2077 vicario

350 2105 500 2148 generali
531 2105 570 2139 D.
600 2106 640 2139 N.
671 2106 711 2140 D.
742 2109 884 2151 gratiam
915 2111 977 2140 etc.
1022 2106 1181 2153 Princeps
1210 2107 1251 2141 D.
1282 2107 1339 2140 D.l
1388 2106 1515 2141 Crebra
1545 2106 1688 2140 fidelium
1718 2109 1908 2139 nostrorum
1939 2104 2101 2137 relatione
2129 2113 2216 2148 per-

351 2168 499 2209 cepimus
528 2171 558 2199 et
588 2167 627 2199 ad
657 2178 718 2200 nos
747 2167 877 2212 publica
907 2178 995 2202 voce
1024 2171 1180 2213 pervenit
1209 2173 1241 2201 et
1270 2168 1369 2211 sama‚
1392 2168 1531 2213 qualiter
1558 2172 1633 2200 tuae
1663 2166 1807 2200 diocesis
1836 2165 1950 2198 clerici
1979 2163 2218 2198 universaliter

352 2224 422 2257 fere
452 2226 582 2263 stimuli.
614 2232 643 2260 et
673 2230 846 2271 signanter
875 2228 1094 2262 ecclesiarum
1115 2232 1289 2273 -pastoresq
1320 2227 1560 2262 concubinatus
1588 2229 1669 2261 vitio
1698 2229 1729 2260 in
1750 2225 1914 2259 clericalis
1943 2224 2111 2270 privilegii
2142 2223 2217 2257 dis-

351 2285 504 2330 pendium
542 2286 743 2322 laborantes.
774 2287 905 2333 publice
944 2288 1061 2322 fovent
1098 2292 1131 2322 et
1166 2291 1313 2322 nutriunt
1351 2288 1575 2331 conc11hin353
1620 2287 1695 2321 talia
1733 2297 1818 2321 vero
1856 2285 1917 2319 suh
1955 2284 2218 2319 dissimulatione

351 2349 536 2390 praeterire
565 2347 727 2380 nolentes.
760 2347 984 2381 Devotionem
1015 2352 1102 2381 tuam
1133 2351 1263 2382 seriose
1283 2352 1483 2394 requirimus
1512 2353 1544 2382 et
1567 2348 1751 2389 hortamur„
1773 2346 1880 2379 eidem
1902 2348 2100 2379 auctoritate
2120 2346 2216 2388 regia

352 2405 530 2438 districtius
560 2407 782 2449 injimwnes.
815 2413 976 2452 quatenus
996 2413 1270 2454 praesumptores
1291 2409 1413 2452 talium,
1434 2413 1531 2455 prout
1551 2408 1616 2442 hoc
1642 2409 1815 2441 ministerii
1836 2408 1880 2439 tui
1900 2408 2040 2451 requirit
2059 2404 2217 2447 officium,

351 2469 383 2497 ut
415 2465 520 2498 modis
550 2466 701 2500 omnibus
731 2468 889 2501 desistant
919 2480 936 2501 a
967 2467 1084 2502 talibus
1113 2468 1198 2501 infra
1228 2472 1324 2503 unius
1355 2473 1477 2503 mensis
1497 2472 1637 2514 spatium
1667 2479 1683 2501 3
1705 2472 1856 2512 tempore
1887 2467 2090 2500 ostensionis
2111 2475 2218 2510 prae-

352 2528 504 2559 sentium.
537 2526 643 2559 debita
674 2532 704 2559 et
734 2528 840 2571 regali
871 2528 1075 2561 cobercione
1114 2531 1312 2574 restringas„
1343 2533 1427 2564 sicut
1463 2529 1635 2571 altissimo7
1664 2527 1760 2562 nobis
1799 2531 1831 2561 et
1868 2525 2056 2560 hominibus
2094 2524 2218 2558 offerre

352 2585 499 2631 speciale
529 2586 700 2620 desideras
731 2587 985 2624 holocaustum:
1014 2600 1089 2622 nam
1119 2588 1173 2622 ubi
1202 2600 1301 2625 secus
1330 2590 1430 2633 foret,
1459 2592 1698 2631 commisimus,
1719 2591 1746 2623 si
1776 2592 1808 2621 et
1835 2590 1867 2620 in
1897 2590 2052 2632 quantum
2082 2585 2217 2628 dejure

351 2656 540 2691 possumus
571 2646 690 2679 dilecto
720 2647 814 2681 nobis
850 2647 1022 2681 Raczkoni
1060 2648 1204 2694 Kobyla7
1234 2656 1268 2684 ut
1304 2653 1380 2685 vice
1417 2654 1450 2684 et
1487 2652 1683 2684 auctoritate
1719 2650 1837 2691 nostri,
1867 2649 1894 2681 si
1929 2650 2040 2680 tamen
2078 2644 2118 2678 ad
2154 2654 2216 2678 nos
