2336 3074
1013 220 1059 253 79

107 331 168 354 sex
198 331 327 354 marcas
357 332 429 354 cum
461 321 592 355 dimidia
623 326 654 355 et
684 326 824 367 quatuor
862 334 1025 367 grossos;
1072 326 1103 356 in
1133 324 1208 357 villa
1249 324 1316 358 Bor
1354 325 1434 358 duas
1475 337 1605 360 marcas
1642 332 1709 361 tres
1748 327 1896 362 fertones
1936 334 1966 362 et

107 385 233 426 septem
263 392 403 425 grossos
433 385 461 414 et
492 384 523 414 in
553 382 630 415 villa
666 381 814 427 Lhotycz
853 382 1025 416 duodecim
1064 394 1204 427 grossos
1243 385 1283 418 de
1320 386 1428 419 medio
1468 385 1576 430 laneo,
1607 390 1638 421 in
1676 387 1792 433 quibus
1831 389 1966 422 easdem

107 441 235 474 ostendi
264 444 434 486 pecunias,
465 444 497 474 in
527 441 658 475 feudum
688 446 884 487 perpetuum
914 446 1046 488 suscepi
1077 455 1093 476 a
1123 444 1253 489 prefato
1283 445 1415 480 domino
1446 447 1640 481 marchione
1679 460 1738 493 per
1768 460 1967 495 reassump-

106 504 236 534 cionem
265 500 391 540 bii-reti,
422 506 518 547 prout
547 502 690 547 desuper
719 501 759 535 ab
789 513 829 535 eo
859 502 971 536 literas
1008 503 1132 537 habere
1162 504 1318 539 dinoscor
1355 510 1564 541 continencie
1603 508 1754 543 clarioris
1790 512 1849 544 sic.
1881 510 1966 554 quod

107 561 259 595 ammodo
289 564 320 594 in
350 567 445 595 antea
476 562 693 607 quadraginta
733 574 845 596 marce
882 574 1079 608 grossorum
1119 569 1149 598 et
1188 569 1377 610 pag-amenti
1416 567 1680 612 supradictorum
1719 569 1758 602 ad
1803 570 1966 615 prefatum

106 625 251 655 castrum
282 621 478 655 Suberstein
508 627 661 668 spectare
691 626 723 655 et
752 625 922 668 pertinere
952 623 1094 658 debeant
1122 629 1291 670 perpetuis
1322 627 1526 672 temporibus
1556 628 1715 662 all'uturis.
1746 628 1852 663 Etiam
1881 642 1967 676 pro-

106 684 196 715 mitto
227 693 286 727 pro
317 693 369 715 me
398 686 430 714 et
458 681 638 716 heredibus
668 685 750 716 meis
779 683 977 729 supradictis
1006 685 1217 730 presentibus
1247 685 1333 719 bona
1373 691 1405 720 ct
1442 691 1572 721 sincera
1612 688 1686 724 lide.
1717 691 1802 734 quod
1843 694 1966 724 virtute

106 742 310 777 donacionis.
341 742 545 786 collacionis,
565 746 796 777 concessionis
826 749 855 777 ct
887 744 1091 788 largicionis
1115 745 1231 791 quibus
1261 758 1313 780 me
1343 752 1375 781 et
1404 749 1551 793 prefatos
1573 750 1716 784 heredes
1746 762 1838 784 meos
1859 762 1959 797 sepe-

106 802 210 836 dictus
240 805 394 848 princeps
423 803 574 837 dominus
604 803 752 837 marchio
792 815 961 853 generoso
999 806 1072 839 zelo
1110 810 1261 852 respexit
1299 811 1330 841 et
1369 812 1509 843 curavit.
1548 813 1718 855 respicere
1755 811 1794 844 ad
1833 823 1964 845 omnem

106 861 178 906 sibi‚
209 862 388 896 heredibus
418 868 449 897 et
478 864 730 898 successoribus
760 867 827 899 suis
858 865 1105 899 marchionibus
1135 871 1166 899 et
1195 867 1335 901 dominis
1364 868 1517 903 Moravie
1539 870 1783 904 incumbentem
1805 875 1962 906 necessi—

106 927 217 966 tatem5
249 927 413 968 tamquam
443 923 559 957 vasalli
590 928 620 957 et
651 929 745 969 prout
775 925 924 958 feudales
945 937 987 958 ex
1010 925 1119 959 debito
1141 931 1306 963 tenentur.
1329 928 1438 963 ollicio
1460 933 1590 963 servire
1612 930 1792 965 debeamus
1813 932 1964 966 fideliter.

107 984 371 1029 quandocunque
400 989 432 1018 et
461 987 725 1030 quotiescunque
754 988 899 1031 ipsorum
930 985 1109 1031 postulabit
1136 991 1321 1022 necessitas
1338 990 1434 1033 juxta
1465 990 1653 1035 qualitatem
1684 996 1781 1036 atque
1812 992 1964 1026 valorem

106 1044 371 1090 supradictorum
405 1044 567 1079 honorum
606 1050 704 1090 atque
742 1058 863 1080 census
902 1047 1120 1092 quadragmta
1157 1059 1344 1082 marcarum
1380 1049 1585 1095 prcsatarum
1624 1063 1660 1085 se
1694 1052 1963 1086 extemlencium.

105 1107 229 1138 astricti
258 1116 333 1139 esse
363 1105 556 1139 debebimus
585 1110 617 1139 et
647 1117 719 1139 cum
760 1106 878 1140 eodem
907 1110 1053 1141 servicio
1091 1107 1273 1142 efficaciter
1311 1109 1459 1144 obedire.
1516 1111 1557 1145 Ut
1594 1115 1703 1145 onmia
1741 1116 1964 1158 suprascripta

105 1166 240 1208 majoris
271 1164 401 1198 roboris
430 1164 671 1199 firmamentum
703 1166 884 1210 obtineant,
914 1168 1055 1212 sigillum
1087 1179 1195 1202 meum
1224 1170 1433 1215 presentibus
1455 1172 1596 1217 appendi
1626 1177 1655 1205 et
1686 1173 1870 1218 supplicavi
1891 1185 1965 1207 cum

104 1227 265 1258 instancia
293 1223 421 1258 nobiles
451 1228 543 1259 viros
574 1225 725 1260 dominos
753 1226 941 1261 Johannem
972 1231 1139 1262 seniorem
1170 1230 1210 1263 de
1238 1230 1443 1276 Mezyrzicz.
1464 1231 1596 1265 Petrum
1617 1232 1726 1266 Hecht
1755 1233 1795 1267 de
1825 1233 1964 1267 Rossicz

104 1289 134 1318 et
164 1285 366 1319 Wznatham
403 1284 539 1319 fratrem
579 1297 700 1329 meunn
739 1290 793 1332 qui
831 1288 974 1322 inclinati
1022 1289 1177 1334 precibus
1212 1293 1295 1324 meis
1338 1292 1444 1336 sigilla
1483 1304 1541 1325 sua
1580 1296 1727 1338 presenti
1764 1299 1964 1328 curaverunt

104 1345 294 1391 appendere
323 1346 418 1379 litere
447 1349 479 1379 in
509 1349 732 1380 testimouium
762 1351 907 1381 omnium
937 1353 1190 1394 premissorum.
1230 1351 1350 1384 Datum
1380 1351 1492 1385 Brune
1522 1364 1608 1386 auno
1639 1353 1761 1387 domini
1791 1355 1963 1388 millesimo

104 1409 339 1440 trecentesimo
368 1410 617 1452 septuagesimo
646 1411 786 1453 septimo
815 1411 847 1442 in
877 1409 991 1454 vigilia
1021 1413 1126 1443 sancti
1155 1410 1272 1445 Jacobi
1302 1413 1453 1457 apostoli.

413 1485 503 1519 (Orig.
528 1486 609 1519 Perg.
636 1486 652 1511 2
678 1487 728 1512 das
753 1487 886 1521 XVappen
911 1488 960 1513 der
984 1488 1133 1513 Lomnitze
1157 1489 1340 1515 euthaltende
1365 1490 1392 1517 h.
1418 1490 1475 1525 Sig.
1499 1491 1536 1516 im
1561 1492 1742 1518 Pernsteiner
1766 1493 1895 1527 Archiv.)

1000 1633 1073 1668 SS.

200 1733 316 1766 Renes
342 1744 405 1766 con
440 1733 611 1778 Opalorae'c
638 1734 801 1779 rerlranft
827 1737 900 1769 sein
930 1736 1140 1770 Besitztlmm
1171 1737 1324 1771 daselbst
1352 1739 1426 1772 dem
1455 1739 1568 1773 Jahob
1601 1752 1662 1774 ron
1698 1741 1874 1785 Opatoric.

736 1795 794 1829 Dt.
829 1795 999 1841 Opatore'c
1028 1797 1087 1832 27.
1118 1797 1192 1831 ιῙιιῖί
1220 1797 1329 1833 1377,

258 1869 440 1923 Noverint
470 1893 617 1924 universi
635 1895 665 1924 et
682 1891 802 1935 singuli
824 1896 998 1936 presentes
1018 1892 1132 1927 literas
1152 1896 1333 1939 inspecturi
1349 1905 1402 1928 me
1418 1894 1660 1930 Benesschium
1682 1897 1722 1930 de
1743 1897 1962 1943 Oppatowicz

104 1951 213 1983 animo
242 1952 333 1995 prius
361 1949 447 1984 bene
477 1950 659 1985 deliberato
689 1956 786 1996 atque
822 1956 950 1985 mat-uro
980 1955 1161 1986 amicorum
1192 1965 1341 1988 meorum
1372 1956 1510 1989 consilio
1541 1956 1626 1990 bona
1655 1968 1728 1990 mea
1758 1958 1961 1992 vendidisse.

104 2009 260 2043 videlicet
289 2013 433 2055 quintam
464 2011 630 2045 dimidiam
660 2023 807 2045 marcam
837 2015 935 2046 annui
964 2024 1084 2046 census
1126 2013 1247 2047 ibidem
1286 2017 1317 2048 in
1357 2015 1576 2061 Oppatowicz
1615 2028 1653 2050 ac
1691 2021 1795 2051 eciam
1835 2024 1962 2064 septem

105 2071 264 2115 quartalia
294 2076 325 2104 et
355 2076 422 2105 tres
452 2073 630 2107 curticulas
660 2077 689 2106 et
720 2076 750 2106 iu
781 2077 896 2118 quarta
935 2074 1094 2106 curticula
1133 2079 1273 2119 quatuor
1310 2087 1450 2120 grossos
1489 2082 1519 2110 ct
1555 2077 1644 2111 IIIIor
1671 2078 1826 2112 denarios
1865 2082 1962 2112 annui

103 2141 223 2164 census
253 2135 284 2164 et
312 2136 439 2176 partem
469 2133 659 2167 collacionis
681 2133 824 2167 ecclesie
845 2133 884 2166 ad
906 2145 957 2167 me
986 2139 1190 2179 spectantem
1221 2140 1252 2168 et
1280 2138 1310 2169 in
1342 2136 1416 2170 villa
1448 2137 1583 2170 Smolna
1612 2143 1763 2183 quartum
1792 2139 1958 2172 dimidium

104 2190 233 2224 laneum
264 2203 338 2225 cum
367 2192 519 2226 omnihus
543 2193 686 2237 juribus,
707 2193 831 2227 usibus.
854 2193 1077 2229 usifrncubus.
1105 2198 1248 2240 pascuis.
1270 2199 1363 2240 aquis
1383 2197 1548 2242 plenoque
1569 2198 1713 2232 dominio
1734 2202 1795 2232 rite
1817 2199 1960 2233 vendidi.

105 2251 307 2297 emptoribus
342 2255 425 2286 meis
463 2253 557 2287 trado
597 2258 629 2287 et
665 2257 801 2298 resigno
839 2265 898 2299 pro
933 2256 1065 2298 triginta
1104 2258 1224 2288 marcis
1262 2267 1457 2300 grossorum
1497 2257 1708 2291 denariorum
1747 2263 1961 2304 pragensium

105 2315 266 2346 moravici
294 2316 423 2347 numeri
453 2318 485 2347 et
513 2318 713 2360 pagamenti.
744 2314 893 2348 LXIIIIor
921 2325 1060 2359 grossos
1098 2325 1158 2360 pro
1188 2315 1331 2360 qualibet
1360 2328 1472 2350 earum
1512 2319 1744 2363 computando.
1775 2319 1814 2352 ad
1844 2331 1961 2353 veram

104 2372 322 2406 hereditatem
351 2378 447 2419 prout
477 2386 541 2419 ego
571 2386 589 2407 a
618 2379 755 2420 paterna
785 2374 1006 2408 devolucione
1035 2378 1123 2408 tenui
1159 2380 1188 2408 et
1219 2377 1352 2421 possedi
1390 2382 1539 2423 tempore
1569 2390 1611 2411 ex
1641 2382 1786 2424 antiquo.
1817 2380 1961 2414 discreto

103 2436 178 2466 viro
207 2432 334 2467 Jacobo
364 2435 404 2467 de
435 2434 630 2480 Opatowicz
661 2440 692 2469 et
721 2438 787 2468 suis
817 2434 996 2468 heredibus
1025 2446 1156 2468 necnon
1186 2438 1286 2481 ipsius
1316 2436 1483 2481 legittimis
1504 2438 1755 2473 successoribus
1786 2443 1854 2486 ipsa
1876 2440 1961 2474 bona

105 2492 268 2536 habenda,
299 2495 453 2537 tenenda,
483 2496 644 2539 regenda3
674 2495 874 2529 utifruenda.
904 2495 1080 2528 vendenda
1111 2500 1276 2541 tamquam
1306 2508 1375 2530 rem
1406 2501 1586 2543 propriam.
1625 2499 1659 2532 Si
1689 2511 1771 2533 vero
1801 2504 1962 2546 quispiam

104 2553 252 2599 predicta
281 2553 368 2587 hona
400 2566 548 2589 meorum
578 2555 761 2589 debitorum
793 2567 893 2589 causa
924 2558 1108 2600 impeteret‚
1141 2561 1263 2589 extunc
1293 2568 1357 2601 ego
1386 2556 1612 2591 Benesschius
1641 2563 1796 2604 promitto
1826 2560 1963 2594 firmiter

106 2618 136 2646 et
167 2616 297 2647 sincera
327 2614 390 2648 fide
420 2615 536 2649 eadem
565 2612 862 2660 honaexbrigare
892 2620 920 2648 et
952 2615 1108 2648 libertare
1136 2619 1227 2649 iuxta
1258 2621 1346 2650 terre
1376 2617 1527 2651 Mox-avie
1566 2620 1860 2654 consiwtudinem:
1908 2621 1961 2654 tali

105 2677 214 2707 tamen
243 2674 451 2710 condicione*
482 2678 507 2709 si
544 2675 772 2709 conthoralem
803 2687 908 2709 meam
949 2675 1164 2721 Obgyesdam
1202 2679 1292 2722 prius
1331 2689 1426 2722 quam
1467 2689 1519 2711 me
1558 2678 1779 2713 Beneschium
1819 2680 1858 2713 ab
1898 2681 1959 2714 hoc
