<?xml version="1.0" encoding="UTF-8"?>
<!DOCTYPE html PUBLIC "-//W3C//DTD XHTML 1.0 Transitional//EN"
    "http://www.w3.org/TR/xhtml1/DTD/xhtml1-transitional.dtd">
<html xmlns="http://www.w3.org/1999/xhtml" xml:lang="en" lang="en">
 <head>
  <title>
</title>
<meta http-equiv="Content-Type" content="text/html;charset=utf-8" />
  <meta name='ocr-system' content='tesseract 3.04.00' />
  <meta name='ocr-capabilities' content='ocr_page ocr_carea ocr_par ocr_line ocrx_word'/>
</head>
<body>
  <div class='ocr_page' id='page_1' title='image "./codexdiplomaticu11morauoft_0207.png"; bbox 0 0 2336 3074; ppageno 0'>
   <div class='ocr_carea' id='block_1_1' title="bbox 981 369 1089 404">
    <p class='ocr_par' dir='ltr' id='par_1_1' title="bbox 981 369 1089 404">
     <span class='ocr_line' id='line_1_1' title="bbox 981 369 1089 404; baseline 0 0"><span class='ocrx_word' id='word_1_1' title='bbox 981 369 1089 404; x_wconf 71' lang='lat'>203.</span> 
     </span>
    </p>
   </div>
   <div class='ocr_carea' id='block_1_2' title="bbox 103 469 1964 577">
    <p class='ocr_par' dir='ltr' id='par_1_2' title="bbox 103 469 1964 577">
     <span class='ocr_line' id='line_1_2' title="bbox 103 469 1964 519; baseline 0.002 -17"><span class='ocrx_word' id='word_1_2' title='bbox 103 469 287 514; x_wconf 71' lang='lat' dir='ltr'>Marlfqraf</span> <span class='ocrx_word' id='word_1_3' title='bbox 316 469 451 514; x_wconf 73' lang='lat' dir='ltr'>Prokop</span> <span class='ocrx_word' id='word_1_4' title='bbox 483 469 659 513; x_wconf 41' lang='lat' dir='ltr'>&amp;suilli-ql</span> <span class='ocrx_word' id='word_1_5' title='bbox 688 471 760 504; x_wconf 83' lang='lat' dir='ltr'>dem</span> <span class='ocrx_word' id='word_1_6' title='bbox 791 470 1026 506; x_wconf 64' lang='lat' dir='ltr'>Statili-ichter</span> <span class='ocrx_word' id='word_1_7' title='bbox 1048 483 1109 505; x_wconf 69' lang='lat' dir='ltr'>von</span> <span class='ocrx_word' id='word_1_8' title='bbox 1128 472 1239 506; x_wconf 71' lang='lat' dir='ltr'>Miller.</span> <span class='ocrx_word' id='word_1_9' title='bbox 1263 472 1433 506; x_wconf 68' lang='lat' dir='ltr'>Neu-stadt</span> <span class='ocrx_word' id='word_1_10' title='bbox 1462 474 1531 507; x_wconf 77' lang='lat' dir='ltr'>alle</span> <span class='ocrx_word' id='word_1_11' title='bbox 1557 474 1725 519; x_wconf 68' lang='lat' dir='ltr'>frt&#39;t&#39;lteren</span> <span class='ocrx_word' id='word_1_12' title='bbox 1758 474 1964 518; x_wconf 61' lang='lat' dir='ltr'>privilegien</span> 
     </span>
     <span class='ocr_line' id='line_1_3' title="bbox 103 530 1964 577; baseline 0.003 -15"><span class='ocrx_word' id='word_1_13' title='bbox 103 531 170 563; x_wconf 76' lang='lat' dir='ltr'>und</span> <span class='ocrx_word' id='word_1_14' title='bbox 194 532 270 574; x_wconf 66' lang='grc'>[1191</span> <span class='ocrx_word' id='word_1_15' title='bbox 298 530 353 563; x_wconf 73' lang='lat' dir='ltr'>die</span> <span class='ocrx_word' id='word_1_16' title='bbox 375 530 633 574; x_wconf 65' lang='lat' dir='ltr'>Beyziuste&#39;fflmq</span> <span class='ocrx_word' id='word_1_17' title='bbox 662 531 775 566; x_wconf 72' lang='lat' dir='ltr'>seinz-21.</span> <span class='ocrx_word' id='word_1_18' title='bbox 799 533 879 565; x_wconf 78' lang='lat' dir='ltr'>(lass</span> <span class='ocrx_word' id='word_1_19' title='bbox 910 544 948 566; x_wconf 82' lang='lat' dir='ltr'>er</span> <span class='ocrx_word' id='word_1_20' title='bbox 978 535 1008 565; x_wconf 75' lang='lat' dir='ltr'>in</span> <span class='ocrx_word' id='word_1_21' title='bbox 1032 532 1181 576; x_wconf 71' lang='lat' dir='ltr'>Zultunft</span> <span class='ocrx_word' id='word_1_22' title='bbox 1200 535 1284 566; x_wconf 80' lang='lat' dir='ltr'>stat!</span> <span class='ocrx_word' id='word_1_23' title='bbox 1301 534 1395 566; x_wconf 75' lang='lat' dir='ltr'>einer</span> <span class='ocrx_word' id='word_1_24' title='bbox 1418 534 1603 567; x_wconf 75' lang='grc' dir='ltr'><em>(ιόίιΙηιαι-Ιι·</em></span> <span class='ocrx_word' id='word_1_25' title='bbox 1632 547 1694 567; x_wconf 70' lang='grc' dir='ltr'>νηι-</span> <span class='ocrx_word' id='word_1_26' title='bbox 1725 534 1807 568; x_wconf 67' lang='lat' dir='ltr'>zelen</span> <span class='ocrx_word' id='word_1_27' title='bbox 1831 534 1964 577; x_wconf 63' lang='lat' dir='ltr'>Prafser</span> 
     </span>
    </p>
   </div>
   <div class='ocr_carea' id='block_1_3' title="bbox 381 590 1672 686">
    <p class='ocr_par' dir='ltr' id='par_1_3' title="bbox 381 590 1672 686">
     <span class='ocr_line' id='line_1_4' title="bbox 381 590 1672 637; baseline 0.003 -14"><span class='ocrx_word' id='word_1_28' title='bbox 381 590 483 624; x_wconf 59' lang='grc' dir='ltr'>Μαι-11</span> <span class='ocrx_word' id='word_1_29' title='bbox 503 591 658 633; x_wconf 69' lang='lat' dir='ltr'>jcilerliclz</span> <span class='ocrx_word' id='word_1_30' title='bbox 689 603 732 625; x_wconf 80' lang='grc' dir='ltr'>(ιη</span> <span class='ocrx_word' id='word_1_31' title='bbox 763 593 818 625; x_wconf 69' lang='lat' dir='ltr'>die</span> <span class='ocrx_word' id='word_1_32' title='bbox 847 592 1110 637; x_wconf 68' lang='lat' dir='ltr'>tizszrlfqrcislielee</span> <span class='ocrx_word' id='word_1_33' title='bbox 1140 592 1303 625; x_wconf 73' lang='grc' dir='ltr'><em>Καιηιη-θι·</em></span> <span class='ocrx_word' id='word_1_34' title='bbox 1332 593 1543 637; x_wconf 62' lang='grc' dir='ltr'>αὑεηβιἸιι-θη</span> <span class='ocrx_word' id='word_1_35' title='bbox 1574 594 1672 627; x_wconf 72' lang='lat' dir='ltr'>holte.</span> 
     </span>
     <span class='ocr_line' id='line_1_5' title="bbox 727 652 1342 686; baseline 0.002 -1"><span class='ocrx_word' id='word_1_36' title='bbox 727 652 783 686; x_wconf 82' lang='lat' dir='ltr'>Dt.</span> <span class='ocrx_word' id='word_1_37' title='bbox 814 653 930 686; x_wconf 74' lang='lat' dir='ltr'>Ansse</span> <span class='ocrx_word' id='word_1_38' title='bbox 957 652 1017 686; x_wconf 84' lang='lat'>31.</span> <span class='ocrx_word' id='word_1_39' title='bbox 1052 652 1203 686; x_wconf 72' lang='lat' dir='ltr'>Oktober</span> <span class='ocrx_word' id='word_1_40' title='bbox 1234 652 1342 686; x_wconf 72' lang='lat'><em>1380.</em></span> 
     </span>
    </p>
   </div>
   <div class='ocr_carea' id='block_1_4' title="bbox 99 725 1963 2722">
    <p class='ocr_par' dir='ltr' id='par_1_4' title="bbox 99 725 1963 2722">
     <span class='ocr_line' id='line_1_6' title="bbox 256 725 1960 794; baseline 0.003 -16"><span class='ocrx_word' id='word_1_41' title='bbox 256 725 345 780; x_wconf 75' lang='lat' dir='ltr'>Nos</span> <span class='ocrx_word' id='word_1_42' title='bbox 374 745 556 792; x_wconf 80' lang='lat' dir='ltr'>Procopius</span> <span class='ocrx_word' id='word_1_43' title='bbox 577 747 628 781; x_wconf 88' lang='lat' dir='ltr'>dei</span> <span class='ocrx_word' id='word_1_44' title='bbox 657 751 772 792; x_wconf 82' lang='lat' dir='ltr'>gracia</span> <span class='ocrx_word' id='word_1_45' title='bbox 794 748 942 782; x_wconf 87' lang='lat' dir='ltr'>marchio</span> <span class='ocrx_word' id='word_1_46' title='bbox 962 748 1116 782; x_wconf 85' lang='lat' dir='ltr'>Moravie</span> <span class='ocrx_word' id='word_1_47' title='bbox 1136 747 1392 782; x_wconf 82' lang='lat' dir='ltr'>notumsacimus</span> <span class='ocrx_word' id='word_1_48' title='bbox 1414 753 1529 782; x_wconf 79' lang='lat' dir='ltr'>tenore</span> <span class='ocrx_word' id='word_1_49' title='bbox 1551 752 1761 794; x_wconf 83' lang='lat' dir='ltr'>presencium</span> <span class='ocrx_word' id='word_1_50' title='bbox 1782 752 1960 784; x_wconf 87' lang='lat' dir='ltr'>universis.</span> 
     </span>
     <span class='ocr_line' id='line_1_7' title="bbox 105 806 1960 854; baseline 0.002 -15"><span class='ocrx_word' id='word_1_51' title='bbox 105 806 190 851; x_wconf 90' lang='lat' dir='ltr'>quod</span> <span class='ocrx_word' id='word_1_52' title='bbox 229 806 437 840; x_wconf 85' lang='lat' dir='ltr'>attendentes</span> <span class='ocrx_word' id='word_1_53' title='bbox 476 810 701 841; x_wconf 75' lang='lat' dir='ltr'>constanciam</span> <span class='ocrx_word' id='word_1_54' title='bbox 741 807 923 853; x_wconf 82' lang='lat' dir='ltr'>approbate</span> <span class='ocrx_word' id='word_1_55' title='bbox 962 807 1035 841; x_wconf 87' lang='lat' dir='ltr'>fidei</span> <span class='ocrx_word' id='word_1_56' title='bbox 1073 812 1105 841; x_wconf 86' lang='lat' dir='ltr'>et</span> <span class='ocrx_word' id='word_1_57' title='bbox 1144 808 1333 854; x_wconf 75' lang='lat' dir='ltr'>multiplicia</span> <span class='ocrx_word' id='word_1_58' title='bbox 1376 812 1492 842; x_wconf 83' lang='lat' dir='ltr'>merita</span> <span class='ocrx_word' id='word_1_59' title='bbox 1532 809 1703 854; x_wconf 68' lang='lat' dir='ltr'>probitatis</span> <span class='ocrx_word' id='word_1_60' title='bbox 1742 809 1960 843; x_wconf 88' lang='lat' dir='ltr'>discretorum</span> 
     </span>
     <span class='ocr_line' id='line_1_8' title="bbox 102 867 1961 914; baseline 0.001 -14"><span class='ocrx_word' id='word_1_61' title='bbox 102 869 249 900; x_wconf 88' lang='lat' dir='ltr'>virorum</span> <span class='ocrx_word' id='word_1_62' title='bbox 279 867 415 901; x_wconf 89' lang='lat' dir='ltr'>Henrici</span> <span class='ocrx_word' id='word_1_63' title='bbox 445 872 476 901; x_wconf 85' lang='lat' dir='ltr'>et</span> <span class='ocrx_word' id='word_1_64' title='bbox 504 867 635 901; x_wconf 85' lang='lat' dir='ltr'>Alberti</span> <span class='ocrx_word' id='word_1_65' title='bbox 666 868 802 902; x_wconf 85' lang='lat' dir='ltr'>fratrum</span> <span class='ocrx_word' id='word_1_66' title='bbox 840 873 954 902; x_wconf 82' lang='lat' dir='ltr'>nostre</span> <span class='ocrx_word' id='word_1_67' title='bbox 992 871 1134 903; x_wconf 84' lang='lat' dir='ltr'>civitatis</span> <span class='ocrx_word' id='word_1_68' title='bbox 1173 868 1337 903; x_wconf 86' lang='lat' dir='ltr'>Uniczow</span> <span class='ocrx_word' id='word_1_69' title='bbox 1369 869 1529 912; x_wconf 86' lang='lat' dir='ltr'>judicum.</span> <span class='ocrx_word' id='word_1_70' title='bbox 1561 881 1642 914; x_wconf 86' lang='lat' dir='ltr'>quos</span> <span class='ocrx_word' id='word_1_71' title='bbox 1680 870 1785 903; x_wconf 90' lang='lat' dir='ltr'>ultrici</span> <span class='ocrx_word' id='word_1_72' title='bbox 1823 870 1961 903; x_wconf 78' lang='lat' dir='ltr'>dextera</span> 
     </span>
     <span class='ocr_line' id='line_1_9' title="bbox 100 927 1961 974; baseline 0.001 -14"><span class='ocrx_word' id='word_1_73' title='bbox 100 927 261 972; x_wconf 83' lang='lat' dir='ltr'>aliquibus</span> <span class='ocrx_word' id='word_1_74' title='bbox 298 939 413 961; x_wconf 90' lang='lat' dir='ltr'>eorum</span> <span class='ocrx_word' id='word_1_75' title='bbox 449 928 663 973; x_wconf 87' lang='lat' dir='ltr'>poscentibus</span> <span class='ocrx_word' id='word_1_76' title='bbox 699 929 868 963; x_wconf 88' lang='lat' dir='ltr'>demeritis</span> <span class='ocrx_word' id='word_1_77' title='bbox 909 928 949 962; x_wconf 92' lang='lat' dir='ltr'>ad</span> <span class='ocrx_word' id='word_1_78' title='bbox 988 940 1131 974; x_wconf 90' lang='lat' dir='ltr'>unquem</span> <span class='ocrx_word' id='word_1_79' title='bbox 1169 932 1373 965; x_wconf 68' lang='lat' dir='ltr'>coreximus.</span> <span class='ocrx_word' id='word_1_80' title='bbox 1419 931 1539 974; x_wconf 88' lang='lat' dir='ltr'>quique</span> <span class='ocrx_word' id='word_1_81' title='bbox 1582 931 1650 962; x_wconf 88' lang='lat' dir='ltr'>suis</span> <span class='ocrx_word' id='word_1_82' title='bbox 1688 929 1818 963; x_wconf 80' lang='lat' dir='ltr'>devotis</span> <span class='ocrx_word' id='word_1_83' title='bbox 1854 929 1961 962; x_wconf 84' lang='lat' dir='ltr'>denuo</span> 
     </span>
     <span class='ocr_line' id='line_1_10' title="bbox 101 987 1961 1035; baseline 0.001 -14"><span class='ocrx_word' id='word_1_84' title='bbox 101 987 269 1032; x_wconf 89' lang='lat' dir='ltr'>obsequiis</span> <span class='ocrx_word' id='word_1_85' title='bbox 298 999 359 1021; x_wconf 91' lang='lat' dir='ltr'>nos</span> <span class='ocrx_word' id='word_1_86' title='bbox 389 988 555 1022; x_wconf 88' lang='lat' dir='ltr'>humiliter</span> <span class='ocrx_word' id='word_1_87' title='bbox 583 989 812 1034; x_wconf 69' lang='lat' dir='ltr'>placaverunt,</span> <span class='ocrx_word' id='word_1_88' title='bbox 842 993 876 1022; x_wconf 90' lang='lat' dir='ltr'>ut</span> <span class='ocrx_word' id='word_1_89' title='bbox 905 1000 975 1031; x_wconf 66' lang='lat' dir='ltr'>eos,</span> <span class='ocrx_word' id='word_1_90' title='bbox 1006 1000 1089 1034; x_wconf 89' lang='lat' dir='ltr'>quos</span> <span class='ocrx_word' id='word_1_91' title='bbox 1109 991 1199 1035; x_wconf 89' lang='lat' dir='ltr'>prius</span> <span class='ocrx_word' id='word_1_92' title='bbox 1220 993 1356 1034; x_wconf 91' lang='lat' dir='ltr'>propter</span> <span class='ocrx_word' id='word_1_93' title='bbox 1376 1000 1538 1023; x_wconf 81' lang='lat' dir='ltr'>excessus</span> <span class='ocrx_word' id='word_1_94' title='bbox 1559 1000 1687 1022; x_wconf 86' lang='lat' dir='ltr'>eorum.</span> <span class='ocrx_word' id='word_1_95' title='bbox 1709 993 1741 1022; x_wconf 89' lang='lat' dir='ltr'>ut</span> <span class='ocrx_word' id='word_1_96' title='bbox 1770 989 1961 1034; x_wconf 67' lang='lat' dir='ltr'>predicitur,</span> 
     </span>
     <span class='ocr_line' id='line_1_11' title="bbox 102 1048 1961 1095; baseline 0.001 -14"><span class='ocrx_word' id='word_1_97' title='bbox 102 1048 278 1082; x_wconf 88' lang='lat' dir='ltr'>odivimus.</span> <span class='ocrx_word' id='word_1_98' title='bbox 309 1052 372 1082; x_wconf 85' lang='lat' dir='ltr'>iam</span> <span class='ocrx_word' id='word_1_99' title='bbox 402 1060 462 1094; x_wconf 90' lang='lat' dir='ltr'>per</span> <span class='ocrx_word' id='word_1_100' title='bbox 482 1049 796 1083; x_wconf 80' lang='lat' dir='ltr'>reconciliacionem</span> <span class='ocrx_word' id='word_1_101' title='bbox 818 1052 964 1094; x_wconf 92' lang='lat' dir='ltr'>ipsorum</span> <span class='ocrx_word' id='word_1_102' title='bbox 987 1048 1129 1083; x_wconf 77' lang='lat' dir='ltr'>debitam</span> <span class='ocrx_word' id='word_1_103' title='bbox 1151 1053 1316 1094; x_wconf 80' lang='lat' dir='ltr'>tamquam</span> <span class='ocrx_word' id='word_1_104' title='bbox 1338 1060 1398 1095; x_wconf 87' lang='lat' dir='ltr'>per</span> <span class='ocrx_word' id='word_1_105' title='bbox 1418 1049 1556 1095; x_wconf 90' lang='lat' dir='ltr'>amplius</span> <span class='ocrx_word' id='word_1_106' title='bbox 1581 1053 1761 1082; x_wconf 79' lang='lat' dir='ltr'>renuentes</span> <span class='ocrx_word' id='word_1_107' title='bbox 1781 1049 1961 1083; x_wconf 82' lang='lat' dir='ltr'>excedere.</span> 
     </span>
     <span class='ocr_line' id='line_1_12' title="bbox 100 1108 1961 1155; baseline 0 -13"><span class='ocrx_word' id='word_1_108' title='bbox 100 1108 286 1153; x_wconf 64' lang='lat' dir='ltr'>diligamus,</span> <span class='ocrx_word' id='word_1_109' title='bbox 317 1111 427 1143; x_wconf 90' lang='lat' dir='ltr'>animo</span> <span class='ocrx_word' id='word_1_110' title='bbox 457 1108 640 1143; x_wconf 88' lang='lat' dir='ltr'>deliberato</span> <span class='ocrx_word' id='word_1_111' title='bbox 678 1120 743 1143; x_wconf 92' lang='lat' dir='ltr'>non</span> <span class='ocrx_word' id='word_1_112' title='bbox 773 1120 832 1155; x_wconf 89' lang='lat' dir='ltr'>per</span> <span class='ocrx_word' id='word_1_113' title='bbox 867 1120 1018 1143; x_wconf 89' lang='lat' dir='ltr'>errorem</span> <span class='ocrx_word' id='word_1_114' title='bbox 1053 1114 1106 1143; x_wconf 85' lang='lat' dir='ltr'>aut</span> <span class='ocrx_word' id='word_1_115' title='bbox 1143 1109 1341 1155; x_wconf 81' lang='lat' dir='ltr'>improvide.</span> <span class='ocrx_word' id='word_1_116' title='bbox 1380 1110 1438 1143; x_wconf 87' lang='lat' dir='ltr'>sed</span> <span class='ocrx_word' id='word_1_117' title='bbox 1474 1121 1556 1143; x_wconf 86' lang='lat' dir='ltr'>sano</span> <span class='ocrx_word' id='word_1_118' title='bbox 1591 1114 1781 1143; x_wconf 89' lang='lat' dir='ltr'>nostrorum</span> <span class='ocrx_word' id='word_1_119' title='bbox 1819 1109 1961 1143; x_wconf 91' lang='lat' dir='ltr'>fidelium</span> 
     </span>
     <span class='ocr_line' id='line_1_13' title="bbox 100 1169 1961 1216; baseline 0.001 -14"><span class='ocrx_word' id='word_1_120' title='bbox 100 1169 282 1203; x_wconf 82' lang='lat' dir='ltr'>accedente</span> <span class='ocrx_word' id='word_1_121' title='bbox 312 1169 450 1203; x_wconf 87' lang='lat' dir='ltr'>consilio</span> <span class='ocrx_word' id='word_1_122' title='bbox 480 1169 657 1215; x_wconf 84' lang='lat' dir='ltr'>privilegia</span> <span class='ocrx_word' id='word_1_123' title='bbox 687 1174 719 1203; x_wconf 88' lang='lat' dir='ltr'>et</span> <span class='ocrx_word' id='word_1_124' title='bbox 747 1170 873 1212; x_wconf 71' lang='lat' dir='ltr'>literas7</span> <span class='ocrx_word' id='word_1_125' title='bbox 903 1181 966 1214; x_wconf 89' lang='lat' dir='ltr'>que</span> <span class='ocrx_word' id='word_1_126' title='bbox 996 1174 1027 1203; x_wconf 88' lang='lat' dir='ltr'>et</span> <span class='ocrx_word' id='word_1_127' title='bbox 1065 1181 1146 1215; x_wconf 85' lang='lat' dir='ltr'>quas</span> <span class='ocrx_word' id='word_1_128' title='bbox 1182 1181 1200 1203; x_wconf 88' lang='lat' dir='ltr'>a</span> <span class='ocrx_word' id='word_1_129' title='bbox 1239 1172 1463 1204; x_wconf 89' lang='lat' dir='ltr'>serenissimis</span> <span class='ocrx_word' id='word_1_130' title='bbox 1499 1169 1701 1216; x_wconf 90' lang='lat' dir='ltr'>principibus</span> <span class='ocrx_word' id='word_1_131' title='bbox 1736 1181 1775 1203; x_wconf 91' lang='lat' dir='ltr'>ac</span> <span class='ocrx_word' id='word_1_132' title='bbox 1810 1170 1961 1203; x_wconf 83' lang='lat' dir='ltr'>dominis.</span> 
     </span>
     <span class='ocr_line' id='line_1_14' title="bbox 100 1229 1962 1275; baseline 0 -12"><span class='ocrx_word' id='word_1_133' title='bbox 100 1229 241 1263; x_wconf 91' lang='lat' dir='ltr'>dominis</span> <span class='ocrx_word' id='word_1_134' title='bbox 269 1229 496 1264; x_wconf 80' lang='lat' dir='ltr'>wenczeslao</span> <span class='ocrx_word' id='word_1_135' title='bbox 526 1241 609 1275; x_wconf 81' lang='lat' dir='ltr'>rege</span> <span class='ocrx_word' id='word_1_136' title='bbox 638 1229 776 1264; x_wconf 88' lang='lat' dir='ltr'>Boemie</span> <span class='ocrx_word' id='word_1_137' title='bbox 806 1230 1039 1273; x_wconf 80' lang='lat' dir='ltr'>illustrissimo.</span> <span class='ocrx_word' id='word_1_138' title='bbox 1069 1241 1134 1263; x_wconf 83' lang='lat' dir='ltr'>avo</span> <span class='ocrx_word' id='word_1_139' title='bbox 1163 1235 1279 1264; x_wconf 89' lang='lat' dir='ltr'>nostro</span> <span class='ocrx_word' id='word_1_140' title='bbox 1309 1230 1505 1264; x_wconf 88' lang='lat' dir='ltr'>charissimo</span> <span class='ocrx_word' id='word_1_141' title='bbox 1535 1235 1564 1263; x_wconf 79' lang='lat' dir='ltr'>et</span> <span class='ocrx_word' id='word_1_142' title='bbox 1587 1229 1740 1264; x_wconf 88' lang='lat' dir='ltr'>Jobanne</span> <span class='ocrx_word' id='word_1_143' title='bbox 1769 1230 1962 1264; x_wconf 84' lang='lat' dir='ltr'>marchione</span> 
     </span>
     <span class='ocr_line' id='line_1_15' title="bbox 100 1289 1963 1336; baseline 0 -13"><span class='ocrx_word' id='word_1_144' title='bbox 100 1289 252 1324; x_wconf 87' lang='lat' dir='ltr'>Moravie</span> <span class='ocrx_word' id='word_1_145' title='bbox 281 1289 470 1335; x_wconf 81' lang='lat' dir='ltr'>magnifico.</span> <span class='ocrx_word' id='word_1_146' title='bbox 501 1293 655 1334; x_wconf 87' lang='lat' dir='ltr'>genitore</span> <span class='ocrx_word' id='word_1_147' title='bbox 684 1295 799 1325; x_wconf 90' lang='lat' dir='ltr'>nostro</span> <span class='ocrx_word' id='word_1_148' title='bbox 828 1293 1055 1324; x_wconf 90' lang='lat' dir='ltr'>amantissimo</span> <span class='ocrx_word' id='word_1_149' title='bbox 1094 1302 1192 1336; x_wconf 87' lang='lat' dir='ltr'>supra</span> <span class='ocrx_word' id='word_1_150' title='bbox 1230 1291 1315 1324; x_wconf 88' lang='lat' dir='ltr'>dicta</span> <span class='ocrx_word' id='word_1_151' title='bbox 1352 1290 1534 1325; x_wconf 87' lang='lat' dir='ltr'>advocacia</span> <span class='ocrx_word' id='word_1_152' title='bbox 1573 1293 1603 1323; x_wconf 93' lang='lat' dir='ltr'>in</span> <span class='ocrx_word' id='word_1_153' title='bbox 1640 1290 1803 1324; x_wconf 86' lang='lat' dir='ltr'>Uniczow</span> <span class='ocrx_word' id='word_1_154' title='bbox 1833 1295 1863 1323; x_wconf 87' lang='lat' dir='ltr'>et</span> <span class='ocrx_word' id='word_1_155' title='bbox 1893 1293 1963 1323; x_wconf 85' lang='lat' dir='ltr'>eius</span> 
     </span>
     <span class='ocr_line' id='line_1_16' title="bbox 100 1350 1961 1396; baseline 0 -13"><span class='ocrx_word' id='word_1_156' title='bbox 100 1350 239 1394; x_wconf 87' lang='lat' dir='ltr'>singulis</span> <span class='ocrx_word' id='word_1_157' title='bbox 268 1350 527 1395; x_wconf 87' lang='lat' dir='ltr'>conpendenciis</span> <span class='ocrx_word' id='word_1_158' title='bbox 555 1353 710 1394; x_wconf 67' lang='lat' dir='ltr'>retinent‚</span> <span class='ocrx_word' id='word_1_159' title='bbox 741 1362 805 1396; x_wconf 85' lang='lat' dir='ltr'>que</span> <span class='ocrx_word' id='word_1_160' title='bbox 834 1354 952 1396; x_wconf 89' lang='lat' dir='ltr'>partim</span> <span class='ocrx_word' id='word_1_161' title='bbox 982 1355 1065 1385; x_wconf 89' lang='lat' dir='ltr'>intra</span> <span class='ocrx_word' id='word_1_162' title='bbox 1096 1361 1208 1385; x_wconf 88' lang='lat' dir='ltr'>muros</span> <span class='ocrx_word' id='word_1_163' title='bbox 1239 1353 1381 1385; x_wconf 89' lang='lat' dir='ltr'>civitatis</span> <span class='ocrx_word' id='word_1_164' title='bbox 1410 1354 1485 1384; x_wconf 91' lang='lat' dir='ltr'>sunt</span> <span class='ocrx_word' id='word_1_165' title='bbox 1521 1353 1627 1396; x_wconf 83' lang='lat' dir='ltr'>posita</span> <span class='ocrx_word' id='word_1_166' title='bbox 1658 1354 1688 1383; x_wconf 86' lang='lat' dir='ltr'>et</span> <span class='ocrx_word' id='word_1_167' title='bbox 1719 1353 1835 1396; x_wconf 90' lang='lat' dir='ltr'>partim</span> <span class='ocrx_word' id='word_1_168' title='bbox 1867 1354 1961 1383; x_wconf 82' lang='lat' dir='ltr'>extra</span> 
     </span>
     <span class='ocr_line' id='line_1_17' title="bbox 100 1410 1961 1457; baseline -0.001 -13"><span class='ocrx_word' id='word_1_169' title='bbox 100 1421 212 1444; x_wconf 88' lang='lat' dir='ltr'>muros</span> <span class='ocrx_word' id='word_1_170' title='bbox 254 1413 397 1445; x_wconf 86' lang='lat' dir='ltr'>civitatis</span> <span class='ocrx_word' id='word_1_171' title='bbox 439 1410 588 1445; x_wconf 88' lang='lat' dir='ltr'>eiusdem</span> <span class='ocrx_word' id='word_1_172' title='bbox 630 1414 802 1445; x_wconf 87' lang='lat' dir='ltr'>situantur.</span> <span class='ocrx_word' id='word_1_173' title='bbox 833 1412 1110 1457; x_wconf 84' lang='lat' dir='ltr'>quemadmodum</span> <span class='ocrx_word' id='word_1_174' title='bbox 1147 1414 1178 1444; x_wconf 93' lang='lat' dir='ltr'>in</span> <span class='ocrx_word' id='word_1_175' title='bbox 1216 1411 1341 1444; x_wconf 85' lang='lat' dir='ltr'>eisdem</span> <span class='ocrx_word' id='word_1_176' title='bbox 1386 1410 1489 1444; x_wconf 88' lang='lat' dir='ltr'>literis</span> <span class='ocrx_word' id='word_1_177' title='bbox 1525 1410 1565 1444; x_wconf 91' lang='lat' dir='ltr'>de</span> <span class='ocrx_word' id='word_1_178' title='bbox 1603 1410 1709 1444; x_wconf 91' lang='lat' dir='ltr'>verbo</span> <span class='ocrx_word' id='word_1_179' title='bbox 1748 1411 1786 1444; x_wconf 90' lang='lat' dir='ltr'>ad</span> <span class='ocrx_word' id='word_1_180' title='bbox 1822 1410 1961 1444; x_wconf 90' lang='lat' dir='ltr'>verbum</span> 
     </span>
     <span class='ocr_line' id='line_1_18' title="bbox 99 1470 1962 1517; baseline -0.001 -13"><span class='ocrx_word' id='word_1_181' title='bbox 99 1471 227 1517; x_wconf 84' lang='lat' dir='ltr'>plenius</span> <span class='ocrx_word' id='word_1_182' title='bbox 263 1476 491 1517; x_wconf 64' lang='lat' dir='ltr'>expressatur„</span> <span class='ocrx_word' id='word_1_183' title='bbox 527 1471 681 1506; x_wconf 88' lang='lat' dir='ltr'>volumus</span> <span class='ocrx_word' id='word_1_184' title='bbox 726 1472 881 1506; x_wconf 84' lang='lat' dir='ltr'>benivole</span> <span class='ocrx_word' id='word_1_185' title='bbox 917 1477 949 1506; x_wconf 89' lang='lat' dir='ltr'>et</span> <span class='ocrx_word' id='word_1_186' title='bbox 982 1472 1161 1506; x_wconf 85' lang='lat' dir='ltr'>liberaliter</span> <span class='ocrx_word' id='word_1_187' title='bbox 1200 1470 1411 1507; x_wconf 76' lang='lat' dir='ltr'>confirmare.</span> <span class='ocrx_word' id='word_1_188' title='bbox 1451 1475 1612 1515; x_wconf 82' lang='lat' dir='ltr'>quatenus</span> <span class='ocrx_word' id='word_1_189' title='bbox 1651 1474 1711 1516; x_wconf 92' lang='lat' dir='ltr'>ipsi</span> <span class='ocrx_word' id='word_1_190' title='bbox 1750 1475 1782 1504; x_wconf 87' lang='lat' dir='ltr'>et</span> <span class='ocrx_word' id='word_1_191' title='bbox 1819 1470 1962 1504; x_wconf 84' lang='lat' dir='ltr'>heredes</span> 
     </span>
     <span class='ocr_line' id='line_1_19' title="bbox 100 1530 1959 1577; baseline -0.001 -12"><span class='ocrx_word' id='word_1_192' title='bbox 100 1542 215 1565; x_wconf 89' lang='lat' dir='ltr'>eorum</span> <span class='ocrx_word' id='word_1_193' title='bbox 244 1543 331 1565; x_wconf 89' lang='lat' dir='ltr'>nunc</span> <span class='ocrx_word' id='word_1_194' title='bbox 360 1535 482 1565; x_wconf 85' lang='lat' dir='ltr'>nostris</span> <span class='ocrx_word' id='word_1_195' title='bbox 517 1536 663 1566; x_wconf 85' lang='lat' dir='ltr'>astantes</span> <span class='ocrx_word' id='word_1_196' title='bbox 692 1532 871 1577; x_wconf 81' lang='lat' dir='ltr'>obsequiis.</span> <span class='ocrx_word' id='word_1_197' title='bbox 902 1537 992 1566; x_wconf 87' lang='lat' dir='ltr'>tanto</span> <span class='ocrx_word' id='word_1_198' title='bbox 1022 1537 1136 1566; x_wconf 87' lang='lat' dir='ltr'>nostro</span> <span class='ocrx_word' id='word_1_199' title='bbox 1178 1537 1209 1565; x_wconf 92' lang='lat' dir='ltr'>et</span> <span class='ocrx_word' id='word_1_200' title='bbox 1248 1542 1482 1566; x_wconf 87' lang='lat' dir='ltr'>successorum</span> <span class='ocrx_word' id='word_1_201' title='bbox 1512 1535 1700 1565; x_wconf 87' lang='lat' dir='ltr'>nostrorum</span> <span class='ocrx_word' id='word_1_202' title='bbox 1732 1530 1959 1564; x_wconf 82' lang='lat' dir='ltr'>marchionum</span> 
     </span>
     <span class='ocr_line' id='line_1_20' title="bbox 99 1589 1961 1638; baseline -0.001 -13"><span class='ocrx_word' id='word_1_203' title='bbox 99 1591 252 1625; x_wconf 86' lang='lat' dir='ltr'>Moravie</span> <span class='ocrx_word' id='word_1_204' title='bbox 281 1591 398 1626; x_wconf 85' lang='lat' dir='ltr'>suturis</span> <span class='ocrx_word' id='word_1_205' title='bbox 427 1591 682 1626; x_wconf 87' lang='lat' dir='ltr'>succedentibus</span> <span class='ocrx_word' id='word_1_206' title='bbox 711 1592 915 1638; x_wconf 88' lang='lat' dir='ltr'>temporibus</span> <span class='ocrx_word' id='word_1_207' title='bbox 945 1592 1112 1626; x_wconf 86' lang='lat' dir='ltr'>fideliores</span> <span class='ocrx_word' id='word_1_208' title='bbox 1141 1596 1204 1627; x_wconf 90' lang='lat' dir='ltr'>sint</span> <span class='ocrx_word' id='word_1_209' title='bbox 1228 1591 1408 1634; x_wconf 67' lang='lat' dir='ltr'>famulatui,</span> <span class='ocrx_word' id='word_1_210' title='bbox 1430 1595 1552 1635; x_wconf 85' lang='lat' dir='ltr'>quanto</span> <span class='ocrx_word' id='word_1_211' title='bbox 1582 1591 1725 1624; x_wconf 84' lang='lat' dir='ltr'>viderint</span> <span class='ocrx_word' id='word_1_212' title='bbox 1754 1602 1790 1625; x_wconf 88' lang='lat' dir='ltr'>se</span> <span class='ocrx_word' id='word_1_213' title='bbox 1819 1602 1836 1623; x_wconf 92' lang='lat' dir='ltr'>a</span> <span class='ocrx_word' id='word_1_214' title='bbox 1867 1589 1961 1623; x_wconf 89' lang='lat' dir='ltr'>nobis</span> 
     </span>
     <span class='ocr_line' id='line_1_21' title="bbox 99 1650 1961 1698; baseline -0.001 -13"><span class='ocrx_word' id='word_1_215' title='bbox 99 1652 274 1696; x_wconf 81' lang='lat' dir='ltr'>benignius</span> <span class='ocrx_word' id='word_1_216' title='bbox 311 1657 408 1697; x_wconf 89' lang='lat' dir='ltr'>grata</span> <span class='ocrx_word' id='word_1_217' title='bbox 446 1652 676 1686; x_wconf 87' lang='lat' dir='ltr'>munificencia</span> <span class='ocrx_word' id='word_1_218' title='bbox 712 1652 880 1687; x_wconf 87' lang='lat' dir='ltr'>liberalius</span> <span class='ocrx_word' id='word_1_219' title='bbox 909 1657 1141 1698; x_wconf 82' lang='lat' dir='ltr'>prosequutos.</span> <span class='ocrx_word' id='word_1_220' title='bbox 1197 1651 1237 1685; x_wconf 89' lang='lat' dir='ltr'>Et</span> <span class='ocrx_word' id='word_1_221' title='bbox 1267 1655 1314 1685; x_wconf 86' lang='lat' dir='ltr'>sic</span> <span class='ocrx_word' id='word_1_222' title='bbox 1344 1651 1447 1684; x_wconf 88' lang='lat' dir='ltr'>dictas</span> <span class='ocrx_word' id='word_1_223' title='bbox 1477 1650 1589 1684; x_wconf 83' lang='lat' dir='ltr'>literas</span> <span class='ocrx_word' id='word_1_224' title='bbox 1619 1655 1648 1683; x_wconf 86' lang='lat' dir='ltr'>et</span> <span class='ocrx_word' id='word_1_225' title='bbox 1679 1651 1866 1696; x_wconf 78' lang='lat' dir='ltr'>privilegia.</span> <span class='ocrx_word' id='word_1_226' title='bbox 1898 1661 1961 1695; x_wconf 88' lang='lat' dir='ltr'>que</span> 
     </span>
     <span class='ocr_line' id='line_1_22' title="bbox 100 1710 1961 1758; baseline -0.001 -13"><span class='ocrx_word' id='word_1_227' title='bbox 100 1715 251 1758; x_wconf 88' lang='lat' dir='ltr'>quamvis</span> <span class='ocrx_word' id='word_1_228' title='bbox 280 1712 340 1746; x_wconf 89' lang='lat' dir='ltr'>sub</span> <span class='ocrx_word' id='word_1_229' title='bbox 370 1717 463 1746; x_wconf 88' lang='lat' dir='ltr'>certo</span> <span class='ocrx_word' id='word_1_230' title='bbox 484 1717 601 1746; x_wconf 87' lang='lat' dir='ltr'>tenore</span> <span class='ocrx_word' id='word_1_231' title='bbox 629 1724 694 1746; x_wconf 91' lang='lat' dir='ltr'>nou</span> <span class='ocrx_word' id='word_1_232' title='bbox 724 1717 890 1758; x_wconf 86' lang='lat' dir='ltr'>ponuntur</span> <span class='ocrx_word' id='word_1_233' title='bbox 918 1716 949 1746; x_wconf 90' lang='lat' dir='ltr'>in</span> <span class='ocrx_word' id='word_1_234' title='bbox 979 1712 1201 1758; x_wconf 67' lang='lat' dir='ltr'>presentibus,</span> <span class='ocrx_word' id='word_1_235' title='bbox 1232 1717 1341 1745; x_wconf 89' lang='lat' dir='ltr'>tamen</span> <span class='ocrx_word' id='word_1_236' title='bbox 1371 1714 1459 1756; x_wconf 89' lang='lat' dir='ltr'>ipsas</span> <span class='ocrx_word' id='word_1_237' title='bbox 1489 1714 1698 1744; x_wconf 86' lang='lat' dir='ltr'>resumimus.</span> <span class='ocrx_word' id='word_1_238' title='bbox 1729 1722 1766 1744; x_wconf 91' lang='lat' dir='ltr'>ac</span> <span class='ocrx_word' id='word_1_239' title='bbox 1796 1713 1823 1744; x_wconf 89' lang='lat' dir='ltr'>si</span> <span class='ocrx_word' id='word_1_240' title='bbox 1852 1710 1961 1743; x_wconf 89' lang='lat' dir='ltr'>forent</span> 
     </span>
     <span class='ocr_line' id='line_1_23' title="bbox 100 1771 1959 1819; baseline -0.002 -13"><span class='ocrx_word' id='word_1_241' title='bbox 100 1773 152 1806; x_wconf 88' lang='lat' dir='ltr'>bic</span> <span class='ocrx_word' id='word_1_242' title='bbox 190 1773 321 1807; x_wconf 88' lang='lat' dir='ltr'>divisim</span> <span class='ocrx_word' id='word_1_243' title='bbox 358 1772 564 1806; x_wconf 85' lang='lat' dir='ltr'>verbotenus</span> <span class='ocrx_word' id='word_1_244' title='bbox 603 1772 848 1806; x_wconf 81' lang='lat' dir='ltr'>distinctissime</span> <span class='ocrx_word' id='word_1_245' title='bbox 886 1773 1063 1819; x_wconf 66' lang='lat' dir='ltr'>explicate,</span> <span class='ocrx_word' id='word_1_246' title='bbox 1107 1776 1197 1806; x_wconf 77' lang='lat' dir='ltr'>iuxta</span> <span class='ocrx_word' id='word_1_247' title='bbox 1240 1782 1371 1805; x_wconf 91' lang='lat' dir='ltr'>omnem</span> <span class='ocrx_word' id='word_1_248' title='bbox 1415 1771 1548 1805; x_wconf 90' lang='lat' dir='ltr'>modum</span> <span class='ocrx_word' id='word_1_249' title='bbox 1584 1782 1710 1804; x_wconf 86' lang='lat' dir='ltr'>carum.</span> <span class='ocrx_word' id='word_1_250' title='bbox 1742 1775 1891 1804; x_wconf 87' lang='lat' dir='ltr'>tenorem</span> <span class='ocrx_word' id='word_1_251' title='bbox 1930 1774 1959 1803; x_wconf 88' lang='lat' dir='ltr'>et</span> 
     </span>
     <span class='ocr_line' id='line_1_24' title="bbox 99 1832 1960 1878; baseline -0.002 -11"><span class='ocrx_word' id='word_1_252' title='bbox 99 1835 342 1867; x_wconf 86' lang='lat' dir='ltr'>continenciam</span> <span class='ocrx_word' id='word_1_253' title='bbox 372 1832 584 1866; x_wconf 89' lang='lat' dir='ltr'>ratificamus.</span> <span class='ocrx_word' id='word_1_254' title='bbox 615 1832 849 1878; x_wconf 64' lang='lat' dir='ltr'>approbamusq</span> <span class='ocrx_word' id='word_1_255' title='bbox 888 1833 1058 1867; x_wconf 88' lang='lat' dir='ltr'>laudamus</span> <span class='ocrx_word' id='word_1_256' title='bbox 1088 1845 1127 1866; x_wconf 89' lang='lat' dir='ltr'>ac</span> <span class='ocrx_word' id='word_1_257' title='bbox 1156 1834 1196 1867; x_wconf 92' lang='lat' dir='ltr'>de</span> <span class='ocrx_word' id='word_1_258' title='bbox 1227 1837 1317 1866; x_wconf 86' lang='lat' dir='ltr'>certa</span> <span class='ocrx_word' id='word_1_259' title='bbox 1338 1837 1450 1866; x_wconf 87' lang='lat' dir='ltr'>nostra</span> <span class='ocrx_word' id='word_1_260' title='bbox 1481 1834 1625 1865; x_wconf 76' lang='lat' dir='ltr'>sciencia</span> <span class='ocrx_word' id='word_1_261' title='bbox 1660 1833 1781 1864; x_wconf 82' lang='lat' dir='ltr'>virtute</span> <span class='ocrx_word' id='word_1_262' title='bbox 1814 1841 1960 1876; x_wconf 84' lang='lat' dir='ltr'>presen—</span> 
     </span>
     <span class='ocr_line' id='line_1_25' title="bbox 100 1891 1960 1927; baseline -0.002 -1"><span class='ocrx_word' id='word_1_263' title='bbox 100 1896 185 1926; x_wconf 86' lang='lat' dir='ltr'>cium</span> <span class='ocrx_word' id='word_1_264' title='bbox 223 1892 469 1927; x_wconf 85' lang='lat' dir='ltr'>confirmamus.</span> <span class='ocrx_word' id='word_1_265' title='bbox 513 1893 665 1926; x_wconf 92' lang='lat' dir='ltr'>nolentes</span> <span class='ocrx_word' id='word_1_266' title='bbox 694 1893 830 1927; x_wconf 90' lang='lat' dir='ltr'>eosdem</span> <span class='ocrx_word' id='word_1_267' title='bbox 869 1893 994 1927; x_wconf 87' lang='lat' dir='ltr'>iudices</span> <span class='ocrx_word' id='word_1_268' title='bbox 1023 1905 1108 1927; x_wconf 90' lang='lat' dir='ltr'>nunc</span> <span class='ocrx_word' id='word_1_269' title='bbox 1146 1898 1175 1926; x_wconf 90' lang='lat' dir='ltr'>et</span> <span class='ocrx_word' id='word_1_270' title='bbox 1214 1896 1246 1926; x_wconf 88' lang='lat' dir='ltr'>in</span> <span class='ocrx_word' id='word_1_271' title='bbox 1281 1897 1377 1926; x_wconf 87' lang='lat' dir='ltr'>antea</span> <span class='ocrx_word' id='word_1_272' title='bbox 1417 1895 1447 1925; x_wconf 93' lang='lat' dir='ltr'>in</span> <span class='ocrx_word' id='word_1_273' title='bbox 1487 1891 1571 1925; x_wconf 88' lang='lat' dir='ltr'>dicta</span> <span class='ocrx_word' id='word_1_274' title='bbox 1611 1891 1793 1924; x_wconf 80' lang='lat' dir='ltr'>advocacia</span> <span class='ocrx_word' id='word_1_275' title='bbox 1829 1895 1861 1923; x_wconf 89' lang='lat' dir='ltr'>et</span> <span class='ocrx_word' id='word_1_276' title='bbox 1890 1893 1960 1923; x_wconf 79' lang='lat' dir='ltr'>eius</span> 
     </span>
     <span class='ocr_line' id='line_1_26' title="bbox 100 1950 1962 1999; baseline -0.002 -12"><span class='ocrx_word' id='word_1_277' title='bbox 100 1956 266 1988; x_wconf 84' lang='lat' dir='ltr'>universis</span> <span class='ocrx_word' id='word_1_278' title='bbox 285 1956 500 1999; x_wconf 89' lang='lat' dir='ltr'>pertinenciis</span> <span class='ocrx_word' id='word_1_279' title='bbox 521 1953 706 1998; x_wconf 87' lang='lat' dir='ltr'>aliqualiter</span> <span class='ocrx_word' id='word_1_280' title='bbox 734 1954 905 1999; x_wconf 67' lang='lat' dir='ltr'>impedire.</span> <span class='ocrx_word' id='word_1_281' title='bbox 936 1965 1115 1998; x_wconf 75' lang='lat' dir='ltr'>agi-avare.</span> <span class='ocrx_word' id='word_1_282' title='bbox 1146 1953 1292 1987; x_wconf 80' lang='lat' dir='ltr'>turbare.</span> <span class='ocrx_word' id='word_1_283' title='bbox 1322 1953 1380 1987; x_wconf 91' lang='lat' dir='ltr'>sed</span> <span class='ocrx_word' id='word_1_284' title='bbox 1419 1955 1449 1985; x_wconf 94' lang='lat' dir='ltr'>in</span> <span class='ocrx_word' id='word_1_285' title='bbox 1480 1951 1631 1985; x_wconf 86' lang='lat' dir='ltr'>omnibus</span> <span class='ocrx_word' id='word_1_286' title='bbox 1661 1962 1776 1984; x_wconf 88' lang='lat' dir='ltr'>eorum</span> <span class='ocrx_word' id='word_1_287' title='bbox 1806 1950 1900 1984; x_wconf 87' lang='lat' dir='ltr'>bonis</span> <span class='ocrx_word' id='word_1_288' title='bbox 1930 1955 1962 1983; x_wconf 90' lang='lat' dir='ltr'>et</span> 
     </span>
     <span class='ocr_line' id='line_1_27' title="bbox 100 2012 1960 2060; baseline -0.002 -13"><span class='ocrx_word' id='word_1_289' title='bbox 100 2013 316 2057; x_wconf 69' lang='lat' dir='ltr'>libertatibus,</span> <span class='ocrx_word' id='word_1_290' title='bbox 353 2024 492 2059; x_wconf 89' lang='lat' dir='ltr'>quorum</span> <span class='ocrx_word' id='word_1_291' title='bbox 529 2016 704 2047; x_wconf 84' lang='lat' dir='ltr'>retroactis</span> <span class='ocrx_word' id='word_1_292' title='bbox 747 2013 950 2059; x_wconf 88' lang='lat' dir='ltr'>temporibus</span> <span class='ocrx_word' id='word_1_293' title='bbox 979 2025 1196 2060; x_wconf 88' lang='lat' dir='ltr'>possessores</span> <span class='ocrx_word' id='word_1_294' title='bbox 1235 2013 1378 2056; x_wconf 63' lang='lat' dir='ltr'>fuerunt‚</span> <span class='ocrx_word' id='word_1_295' title='bbox 1418 2012 1478 2047; x_wconf 90' lang='lat' dir='ltr'>sub</span> <span class='ocrx_word' id='word_1_296' title='bbox 1520 2012 1675 2058; x_wconf 88' lang='lat' dir='ltr'>opulenta</span> <span class='ocrx_word' id='word_1_297' title='bbox 1713 2014 1828 2056; x_wconf 83' lang='lat' dir='ltr'>requie</span> <span class='ocrx_word' id='word_1_298' title='bbox 1870 2013 1960 2056; x_wconf 82' lang='lat' dir='ltr'>pacis</span> 
     </span>
     <span class='ocr_line' id='line_1_28' title="bbox 100 2069 1961 2119; baseline -0.002 -12"><span class='ocrx_word' id='word_1_299' title='bbox 100 2077 311 2108; x_wconf 89' lang='lat' dir='ltr'>amenissime</span> <span class='ocrx_word' id='word_1_300' title='bbox 340 2084 558 2108; x_wconf 86' lang='lat' dir='ltr'>conservare.</span> <span class='ocrx_word' id='word_1_301' title='bbox 589 2085 697 2118; x_wconf 90' lang='lat' dir='ltr'>neque</span> <span class='ocrx_word' id='word_1_302' title='bbox 728 2074 834 2107; x_wconf 85' lang='lat' dir='ltr'>locum</span> <span class='ocrx_word' id='word_1_303' title='bbox 865 2074 1006 2119; x_wconf 89' lang='lat' dir='ltr'>aliquem</span> <span class='ocrx_word' id='word_1_304' title='bbox 1037 2074 1193 2108; x_wconf 85' lang='lat' dir='ltr'>fratribus</span> <span class='ocrx_word' id='word_1_305' title='bbox 1222 2077 1343 2108; x_wconf 89' lang='lat' dir='ltr'>nostris</span> <span class='ocrx_word' id='word_1_306' title='bbox 1373 2079 1403 2107; x_wconf 90' lang='lat' dir='ltr'>et</span> <span class='ocrx_word' id='word_1_307' title='bbox 1433 2071 1686 2107; x_wconf 89' lang='lat' dir='ltr'>successoribus</span> <span class='ocrx_word' id='word_1_308' title='bbox 1714 2069 1961 2104; x_wconf 87' lang='lat' dir='ltr'>marchionibus</span> 
     </span>
     <span class='ocr_line' id='line_1_29' title="bbox 102 2131 1961 2180; baseline -0.002 -13"><span class='ocrx_word' id='word_1_309' title='bbox 102 2134 254 2168; x_wconf 85' lang='lat' dir='ltr'>Moravie</span> <span class='ocrx_word' id='word_1_310' title='bbox 288 2134 504 2180; x_wconf 89' lang='lat' dir='ltr'>relinquimus</span> <span class='ocrx_word' id='word_1_311' title='bbox 542 2137 632 2180; x_wconf 88' lang='lat' dir='ltr'>ipsos</span> <span class='ocrx_word' id='word_1_312' title='bbox 670 2138 744 2179; x_wconf 89' lang='lat' dir='ltr'>post</span> <span class='ocrx_word' id='word_1_313' title='bbox 782 2137 953 2168; x_wconf 84' lang='lat' dir='ltr'>transitum</span> <span class='ocrx_word' id='word_1_314' title='bbox 992 2139 1106 2169; x_wconf 88' lang='lat' dir='ltr'>nostre</span> <span class='ocrx_word' id='word_1_315' title='bbox 1144 2137 1254 2168; x_wconf 89' lang='lat' dir='ltr'>carnis</span> <span class='ocrx_word' id='word_1_316' title='bbox 1292 2135 1332 2168; x_wconf 86' lang='lat' dir='ltr'>de</span> <span class='ocrx_word' id='word_1_317' title='bbox 1370 2134 1433 2167; x_wconf 87' lang='lat' dir='ltr'>hoc</span> <span class='ocrx_word' id='word_1_318' title='bbox 1473 2132 1587 2167; x_wconf 83' lang='lat' dir='ltr'>seculo</span> <span class='ocrx_word' id='word_1_319' title='bbox 1626 2134 1815 2165; x_wconf 81' lang='lat' dir='ltr'>vexacione</span> <span class='ocrx_word' id='word_1_320' title='bbox 1854 2131 1961 2175; x_wconf 88' lang='lat' dir='ltr'>aliqua</span> 
     </span>
     <span class='ocr_line' id='line_1_30' title="bbox 101 2192 1961 2239; baseline -0.002 -12"><span class='ocrx_word' id='word_1_321' title='bbox 101 2194 296 2238; x_wconf 86' lang='lat' dir='ltr'>agravandi.</span> <span class='ocrx_word' id='word_1_322' title='bbox 327 2193 368 2228; x_wconf 88' lang='lat' dir='ltr'>Et</span> <span class='ocrx_word' id='word_1_323' title='bbox 396 2195 576 2239; x_wconf 85' lang='lat' dir='ltr'>singularis</span> <span class='ocrx_word' id='word_1_324' title='bbox 605 2197 709 2228; x_wconf 89' lang='lat' dir='ltr'>nostri</span> <span class='ocrx_word' id='word_1_325' title='bbox 739 2194 865 2228; x_wconf 85' lang='lat' dir='ltr'>favoris</span> <span class='ocrx_word' id='word_1_326' title='bbox 895 2206 937 2228; x_wconf 82' lang='lat' dir='ltr'>ex</span> <span class='ocrx_word' id='word_1_327' title='bbox 966 2198 1080 2239; x_wconf 87' lang='lat' dir='ltr'>gracia</span> <span class='ocrx_word' id='word_1_328' title='bbox 1119 2195 1244 2229; x_wconf 90' lang='lat' dir='ltr'>eisdem</span> <span class='ocrx_word' id='word_1_329' title='bbox 1274 2193 1435 2228; x_wconf 88' lang='lat' dir='ltr'>iudicibus</span> <span class='ocrx_word' id='word_1_330' title='bbox 1465 2196 1555 2226; x_wconf 80' lang='lat' dir='ltr'>iuxta</span> <span class='ocrx_word' id='word_1_331' title='bbox 1585 2194 1746 2236; x_wconf 79' lang='lat' dir='ltr'>genitoris</span> <span class='ocrx_word' id='word_1_332' title='bbox 1776 2193 1881 2223; x_wconf 80' lang='lat' dir='ltr'>nostri</span> <span class='ocrx_word' id='word_1_333' title='bbox 1908 2192 1961 2235; x_wconf 89' lang='lat' dir='ltr'>pie</span> 
     </span>
     <span class='ocr_line' id='line_1_31' title="bbox 102 2250 1960 2300; baseline -0.003 -13"><span class='ocrx_word' id='word_1_334' title='bbox 102 2256 263 2287; x_wconf 87' lang='lat' dir='ltr'>memorie</span> <span class='ocrx_word' id='word_1_335' title='bbox 292 2255 468 2300; x_wconf 84' lang='lat' dir='ltr'>privilegia</span> <span class='ocrx_word' id='word_1_336' title='bbox 498 2259 530 2289; x_wconf 86' lang='lat' dir='ltr'>et</span> <span class='ocrx_word' id='word_1_337' title='bbox 559 2260 653 2289; x_wconf 79' lang='lat' dir='ltr'>extra</span> <span class='ocrx_word' id='word_1_338' title='bbox 685 2260 834 2289; x_wconf 89' lang='lat' dir='ltr'>tenorem</span> <span class='ocrx_word' id='word_1_339' title='bbox 866 2259 897 2288; x_wconf 89' lang='lat' dir='ltr'>et</span> <span class='ocrx_word' id='word_1_340' title='bbox 927 2255 1096 2288; x_wconf 84' lang='lat' dir='ltr'>literarum</span> <span class='ocrx_word' id='word_1_341' title='bbox 1136 2255 1298 2299; x_wconf 87' lang='lat' dir='ltr'>regalium</span> <span class='ocrx_word' id='word_1_342' title='bbox 1338 2256 1580 2287; x_wconf 87' lang='lat' dir='ltr'>continenciam</span> <span class='ocrx_word' id='word_1_343' title='bbox 1619 2251 1844 2292; x_wconf 70' lang='lat' dir='ltr'>coiiceiliiiiiis‚</span> <span class='ocrx_word' id='word_1_344' title='bbox 1875 2250 1960 2294; x_wconf 88' lang='lat' dir='ltr'>quod</span> 
     </span>
     <span class='ocr_line' id='line_1_32' title="bbox 102 2310 1960 2361; baseline -0.005 -11"><span class='ocrx_word' id='word_1_345' title='bbox 102 2326 162 2361; x_wconf 92' lang='lat' dir='ltr'>pro</span> <span class='ocrx_word' id='word_1_346' title='bbox 190 2326 254 2349; x_wconf 86' lang='lat' dir='ltr'>una</span> <span class='ocrx_word' id='word_1_347' title='bbox 284 2326 396 2349; x_wconf 85' lang='lat' dir='ltr'>marca</span> <span class='ocrx_word' id='word_1_348' title='bbox 426 2319 496 2349; x_wconf 90' lang='lat' dir='ltr'>auri</span> <span class='ocrx_word' id='word_1_349' title='bbox 527 2327 585 2349; x_wconf 87' lang='lat' dir='ltr'>seu</span> <span class='ocrx_word' id='word_1_350' title='bbox 616 2316 731 2350; x_wconf 89' lang='lat' dir='ltr'>decem</span> <span class='ocrx_word' id='word_1_351' title='bbox 762 2318 904 2360; x_wconf 71' lang='lat' dir='ltr'>argenti.</span> <span class='ocrx_word' id='word_1_352' title='bbox 934 2326 997 2360; x_wconf 91' lang='lat' dir='ltr'>que</span> <span class='ocrx_word' id='word_1_353' title='bbox 1026 2317 1058 2348; x_wconf 89' lang='lat' dir='ltr'>in</span> <span class='ocrx_word' id='word_1_354' title='bbox 1097 2313 1223 2349; x_wconf 88' lang='lat' dir='ltr'>eisdem</span> <span class='ocrx_word' id='word_1_355' title='bbox 1252 2313 1422 2359; x_wconf 85' lang='lat' dir='ltr'>regalibus</span> <span class='ocrx_word' id='word_1_356' title='bbox 1450 2314 1553 2346; x_wconf 86' lang='lat' dir='ltr'>literis</span> <span class='ocrx_word' id='word_1_357' title='bbox 1593 2314 1813 2344; x_wconf 88' lang='lat' dir='ltr'>continentur.</span> <span class='ocrx_word' id='word_1_358' title='bbox 1845 2310 1960 2343; x_wconf 88' lang='lat' dir='ltr'>decem</span> 
     </span>
     <span class='ocr_line' id='line_1_33' title="bbox 102 2377 1960 2422; baseline -0.005 -12"><span class='ocrx_word' id='word_1_359' title='bbox 102 2386 232 2409; x_wconf 86' lang='lat' dir='ltr'>marcas</span> <span class='ocrx_word' id='word_1_360' title='bbox 269 2387 465 2420; x_wconf 84' lang='lat' dir='ltr'>grossorum</span> <span class='ocrx_word' id='word_1_361' title='bbox 504 2379 718 2422; x_wconf 82' lang='lat' dir='ltr'>pragensium</span> <span class='ocrx_word' id='word_1_362' title='bbox 757 2379 918 2409; x_wconf 76' lang='lat' dir='ltr'>moravici</span> <span class='ocrx_word' id='word_1_363' title='bbox 956 2378 1146 2420; x_wconf 84' lang='lat' dir='ltr'>pagamenti</span> <span class='ocrx_word' id='word_1_364' title='bbox 1186 2377 1362 2419; x_wconf 72' lang='lat' dir='ltr'>sexaginta</span> <span class='ocrx_word' id='word_1_365' title='bbox 1401 2378 1541 2418; x_wconf 88' lang='lat' dir='ltr'>quatuor</span> <span class='ocrx_word' id='word_1_366' title='bbox 1578 2381 1717 2416; x_wconf 85' lang='lat' dir='ltr'>grossos</span> <span class='ocrx_word' id='word_1_367' title='bbox 1754 2380 1812 2415; x_wconf 91' lang='lat' dir='ltr'>pro</span> <span class='ocrx_word' id='word_1_368' title='bbox 1849 2380 1960 2402; x_wconf 89' lang='lat' dir='ltr'>marca</span> 
     </span>
     <span class='ocr_line' id='line_1_34' title="bbox 101 2431 1962 2482; baseline -0.005 -12"><span class='ocrx_word' id='word_1_369' title='bbox 101 2435 243 2481; x_wconf 87' lang='lat' dir='ltr'>qualibet</span> <span class='ocrx_word' id='word_1_370' title='bbox 273 2437 495 2482; x_wconf 86' lang='lat' dir='ltr'>computando</span> <span class='ocrx_word' id='word_1_371' title='bbox 524 2440 556 2470; x_wconf 91' lang='lat' dir='ltr'>in</span> <span class='ocrx_word' id='word_1_372' title='bbox 585 2437 670 2471; x_wconf 88' lang='lat' dir='ltr'>festo</span> <span class='ocrx_word' id='word_1_373' title='bbox 700 2439 804 2471; x_wconf 90' lang='lat' dir='ltr'>sancti</span> <span class='ocrx_word' id='word_1_374' title='bbox 835 2436 973 2480; x_wconf 80' lang='lat' dir='ltr'>Georgii</span> <span class='ocrx_word' id='word_1_375' title='bbox 1003 2438 1146 2481; x_wconf 89' lang='lat' dir='ltr'>quinque</span> <span class='ocrx_word' id='word_1_376' title='bbox 1175 2439 1207 2468; x_wconf 83' lang='lat' dir='ltr'>et</span> <span class='ocrx_word' id='word_1_377' title='bbox 1235 2437 1267 2468; x_wconf 92' lang='lat' dir='ltr'>in</span> <span class='ocrx_word' id='word_1_378' title='bbox 1296 2433 1381 2468; x_wconf 87' lang='lat' dir='ltr'>festo</span> <span class='ocrx_word' id='word_1_379' title='bbox 1411 2435 1515 2467; x_wconf 88' lang='lat' dir='ltr'>sancti</span> <span class='ocrx_word' id='word_1_380' title='bbox 1546 2431 1629 2465; x_wconf 90' lang='lat' dir='ltr'>Galli</span> <span class='ocrx_word' id='word_1_381' title='bbox 1666 2433 1810 2476; x_wconf 87' lang='lat' dir='ltr'>quinque</span> <span class='ocrx_word' id='word_1_382' title='bbox 1848 2433 1962 2463; x_wconf 88' lang='lat' dir='ltr'>nostre</span> 
     </span>
     <span class='ocr_line' id='line_1_35' title="bbox 103 2489 1961 2542; baseline -0.004 -12"><span class='ocrx_word' id='word_1_383' title='bbox 103 2507 236 2530; x_wconf 89' lang='lat' dir='ltr'>camere</span> <span class='ocrx_word' id='word_1_384' title='bbox 265 2507 351 2530; x_wconf 86' lang='lat' dir='ltr'>anno</span> <span class='ocrx_word' id='word_1_385' title='bbox 381 2496 525 2542; x_wconf 88' lang='lat' dir='ltr'>quolibet</span> <span class='ocrx_word' id='word_1_386' title='bbox 555 2499 737 2542; x_wconf 86' lang='lat' dir='ltr'>importare</span> <span class='ocrx_word' id='word_1_387' title='bbox 767 2508 825 2542; x_wconf 90' lang='lat' dir='ltr'>per</span> <span class='ocrx_word' id='word_1_388' title='bbox 855 2496 993 2541; x_wconf 80' lang='lat' dir='ltr'>amplius</span> <span class='ocrx_word' id='word_1_389' title='bbox 1023 2499 1208 2529; x_wconf 89' lang='lat' dir='ltr'>teneantur.</span> <span class='ocrx_word' id='word_1_390' title='bbox 1239 2494 1453 2527; x_wconf 87' lang='lat' dir='ltr'>Presencium</span> <span class='ocrx_word' id='word_1_391' title='bbox 1483 2491 1542 2526; x_wconf 90' lang='lat' dir='ltr'>sub</span> <span class='ocrx_word' id='word_1_392' title='bbox 1573 2494 1677 2525; x_wconf 89' lang='lat' dir='ltr'>nostri</span> <span class='ocrx_word' id='word_1_393' title='bbox 1700 2493 1834 2523; x_wconf 87' lang='lat' dir='ltr'>maioris</span> <span class='ocrx_word' id='word_1_394' title='bbox 1864 2489 1961 2533; x_wconf 81' lang='lat' dir='ltr'>sigilli</span> 
     </span>
     <span class='ocr_line' id='line_1_36' title="bbox 99 2551 1962 2601; baseline -0.004 -12"><span class='ocrx_word' id='word_1_395' title='bbox 99 2559 303 2601; x_wconf 88' lang='lat' dir='ltr'>appensione</span> <span class='ocrx_word' id='word_1_396' title='bbox 332 2559 521 2591; x_wconf 87' lang='lat' dir='ltr'>testimonio</span> <span class='ocrx_word' id='word_1_397' title='bbox 561 2556 744 2590; x_wconf 85' lang='lat' dir='ltr'>literarum.</span> <span class='ocrx_word' id='word_1_398' title='bbox 800 2556 839 2590; x_wconf 90' lang='lat' dir='ltr'>Et</span> <span class='ocrx_word' id='word_1_399' title='bbox 879 2568 939 2589; x_wconf 88' lang='lat' dir='ltr'>nos</span> <span class='ocrx_word' id='word_1_400' title='bbox 976 2555 1148 2589; x_wconf 75' lang='lat' dir='ltr'>,lohannes</span> <span class='ocrx_word' id='word_1_401' title='bbox 1186 2554 1303 2588; x_wconf 86' lang='lat' dir='ltr'>eadem</span> <span class='ocrx_word' id='word_1_402' title='bbox 1342 2555 1456 2597; x_wconf 84' lang='lat' dir='ltr'>gracia</span> <span class='ocrx_word' id='word_1_403' title='bbox 1496 2551 1747 2585; x_wconf 88' lang='lat' dir='ltr'>Lutomislensis</span> <span class='ocrx_word' id='word_1_404' title='bbox 1786 2552 1962 2595; x_wconf 87' lang='lat' dir='ltr'>episcopus</span> 
     </span>
     <span class='ocr_line' id='line_1_37' title="bbox 100 2609 1961 2661; baseline -0.004 -12"><span class='ocrx_word' id='word_1_405' title='bbox 100 2619 246 2661; x_wconf 84' lang='lat' dir='ltr'>presenti</span> <span class='ocrx_word' id='word_1_406' title='bbox 276 2615 490 2650; x_wconf 87' lang='lat' dir='ltr'>ratificacioni</span> <span class='ocrx_word' id='word_1_407' title='bbox 522 2621 551 2650; x_wconf 83' lang='lat' dir='ltr'>et</span> <span class='ocrx_word' id='word_1_408' title='bbox 582 2617 833 2651; x_wconf 83' lang='lat' dir='ltr'>conlirinacioui</span> <span class='ocrx_word' id='word_1_409' title='bbox 872 2616 978 2650; x_wconf 91' lang='lat' dir='ltr'>eidem</span> <span class='ocrx_word' id='word_1_410' title='bbox 1017 2615 1270 2661; x_wconf 85' lang='lat' dir='ltr'>presencialiter</span> <span class='ocrx_word' id='word_1_411' title='bbox 1305 2612 1512 2647; x_wconf 83' lang='lat' dir='ltr'>interfuimus</span> <span class='ocrx_word' id='word_1_412' title='bbox 1547 2616 1577 2644; x_wconf 90' lang='lat' dir='ltr'>et</span> <span class='ocrx_word' id='word_1_413' title='bbox 1616 2613 1724 2644; x_wconf 87' lang='lat' dir='ltr'>onmia</span> <span class='ocrx_word' id='word_1_414' title='bbox 1764 2614 1792 2643; x_wconf 85' lang='lat' dir='ltr'>et</span> <span class='ocrx_word' id='word_1_415' title='bbox 1832 2609 1961 2653; x_wconf 86' lang='lat' dir='ltr'>singula</span> 
     </span>
     <span class='ocr_line' id='line_1_38' title="bbox 102 2671 1959 2722; baseline -0.004 -14"><span class='ocrx_word' id='word_1_416' title='bbox 102 2679 254 2721; x_wconf 85' lang='lat' dir='ltr'>superius</span> <span class='ocrx_word' id='word_1_417' title='bbox 283 2676 368 2709; x_wconf 92' lang='lat' dir='ltr'>dicta</span> <span class='ocrx_word' id='word_1_418' title='bbox 398 2676 596 2711; x_wconf 88' lang='lat' dir='ltr'>audivimus.</span> <span class='ocrx_word' id='word_1_419' title='bbox 626 2676 842 2722; x_wconf 87' lang='lat' dir='ltr'>probavimus</span> <span class='ocrx_word' id='word_1_420' title='bbox 872 2681 901 2709; x_wconf 87' lang='lat' dir='ltr'>et</span> <span class='ocrx_word' id='word_1_421' title='bbox 932 2680 1079 2710; x_wconf 89' lang='lat' dir='ltr'>nostrum</span> <span class='ocrx_word' id='word_1_422' title='bbox 1117 2675 1258 2719; x_wconf 83' lang='lat' dir='ltr'>sigillum</span> <span class='ocrx_word' id='word_1_423' title='bbox 1289 2672 1499 2720; x_wconf 85' lang='lat' dir='ltr'>presentibus</span> <span class='ocrx_word' id='word_1_424' title='bbox 1538 2671 1754 2717; x_wconf 87' lang='lat' dir='ltr'>appendimus</span> <span class='ocrx_word' id='word_1_425' title='bbox 1784 2673 1814 2703; x_wconf 89' lang='lat' dir='ltr'>iu</span> <span class='ocrx_word' id='word_1_426' title='bbox 1845 2680 1959 2702; x_wconf 90' lang='lat' dir='ltr'>eorum</span> 
     </span>
    </p>
   </div>
  </div>
 </body>
</html>
