2336 3074
1010 209 1056 242 57

103 319 350 358 manuteneant.
380 318 556 360 protegant
587 314 647 349 sub
676 325 762 359 pena
792 314 1034 358 indignacionis
1063 316 1177 346 nostre
1197 314 1400 356 gravissime
1422 312 1562 345 fideliter
1591 317 1623 346 et
1652 311 1842 345 defendant.
1872 312 1960 345 Pre-

101 377 249 409 sencium
280 374 340 408 sub
369 386 518 420 appenso
548 378 662 408 nostro
691 373 801 418 sigillo
822 375 1010 407 testimonio
1031 373 1211 406 literarum.
1242 373 1361 405 Datum
1393 373 1504 406 Brune
1525 384 1611 406 anno
1633 373 1756 406 domini
1785 373 1960 406 millesimo

101 437 337 469 trecentesimo
366 437 615 481 septuagesimo
645 437 786 480 septimo
816 433 898 467 feria
928 436 1023 465 sexta
1053 435 1205 477 proxima
1235 437 1309 478 post
1339 432 1424 465 diem
1453 436 1558 467 sancti
1588 433 1773 466 Vincencii.

413 513 503 547 (Orig.
528 513 609 544 Perg.
634 512 660 537 h.
686 512 742 543 Sis-‘-
768 512 803 536 ini
829 511 902 537 Olm.
928 510 1150 544 Stadtarchive.)

996 656 1071 692 67.

184 760 288 794 Pabst
320 761 453 805 (ΙΙ-6907·
481 760 545 794 XI.
577 760 777 805 beauftrayt
806 761 860 794 die
897 759 1067 804 Biscleo‘se
1095 770 1159 792 rcon
1196 758 1346 792 Breslaa
1391 760 1457 792 um!
1494 759 1699 805 Leitomysel
1728 761 1794 793 tend
1822 762 1884 794 den

182 820 411 855 Sclwttenabt
439 822 472 854 in
510 819 620 857 lVI'etz.
651 821 714 854 das
747 821 919 853 (Mmiltz-er
950 819 1092 863 1ιάρίίεί
1126 830 1235 862 (leyen
1274 819 1329 852 die
1358 818 1554 863 Seluide'sser
1593 821 1660 853 aad
1696 821 1886 865 Auqreefer

557 892 597 914 zu
626 880 872 927 eertleeidiyeu.
930 880 987 913 Dt.
1021 879 1108 913 Rom
1139 879 1170 913 1.
1202 879 1363 913 Februar
1394 879 1504 914 1377.

258 957 467 1021 Gregorius
497 978 673 1021 episcopus
703 986 823 1009 servus
851 986 1028 1009 servorum
1059 975 1122 1017 (lei.
1153 974 1401 1008 venerabilibus
1426 975 1582 1008 fratribus
1614 1003 1619 1008 .
1653 1003 1658 1009 .
1689 975 1961 1010 XVratislaviensi

102 1042 133 1071 et
165 1064 170 1070 .
204 1064 209 1070 .
249 1036 517 1070 Luthomuslensi
555 1038 720 1081 episcopis
758 1046 796 1068 ac
835 1035 954 1068 dilecto
993 1035 1058 1068 lilio
1090 1062 1095 1068 .
1128 1062 1134 1067 .
1166 1034 1274 1068 abbati
1316 1039 1507 1069 monasterii
1547 1035 1725 1069 Scotorum
1765 1040 1795 1069 in
1833 1036 1962 1070 Vienna

103 1097 309 1131 Pataviensis
340 1096 483 1130 diocesis
512 1096 650 1129 salutem
681 1100 712 1129 et
741 1096 957 1141 apostolicam
987 1095 1273 1129 benediccionem.
1330 1095 1481 1129 Militanti
1520 1097 1665 1130 ecclesie
1699 1097 1775 1130 lieet
1810 1100 1964 1130 immeriti

102 1158 297 1203 disponente
327 1157 460 1190 domino
489 1156 700 1202 presidentes
729 1159 817 1189 eirea
849 1167 963 1189 curam
999 1156 1215 1189 ecclesiarum
1253 1160 1285 1189 et
1324 1159 1602 1190 monasteriorum
1642 1161 1786 1191 omnium
1823 1158 1964 1190 solercia

101 1217 271 1251 reddimur
298 1216 465 1250 indefessa
496 1216 626 1251 soliciti.
654 1220 688 1249 ut
717 1220 806 1249 iuxta
837 1216 982 1249 debitum
1012 1216 1189 1261 pastoralis
1219 1216 1319 1250 officii
1349 1228 1463 1250 corum
1486 1228 1702 1251 occurramus
1732 1218 1912 1263 dispendiis
1934 1222 1965 1251 ct

101 1277 307 1324 profectibus
336 1277 446 1310 divina
476 1280 682 1322 cooperante
711 1277 892 1310 clemencia
924 1276 1102 1310 salubriter
1130 1277 1350 1311 intendamus.
1400 1276 1490 1311 Sane
1520 1278 1714 1311 dilectorum
1745 1277 1884 1311 filiorum
1919 1306 1924 1311 .
1958 1305 1964 1311 .

103 1340 272 1384 prepositi.
303 1337 420 1370 decani
450 1341 481 1370 et
519 1336 651 1382 capituli
693 1337 837 1370 ecclesie
881 1336 1114 1370 Olomucensis
1152 1340 1391 1382 conquestione
1433 1341 1658 1384 percepimus.
1702 1339 1787 1383 quod
1818 1338 1964 1372 nonnulli

102 1397 359 1443 archiepiscopi.
389 1399 536 1443 episcopi
567 1397 687 1442 aliique
723 1397 940 1430 ecclesiarum
981 1398 1097 1443 prelati
1140 1402 1172 1431 et
1214 1398 1327 1431 clerici
1370 1410 1408 1431 ac
1452 1399 1682 1432 ecclesiastice
1724 1410 1869 1445 persone
1899 1404 1962 1432 tam

103 1458 260 1502 religiose
290 1468 385 1502 quam
416 1457 586 1490 seculares
615 1464 746 1490 necnon
776 1457 889 1492 duces.
920 1457 1145 1496 marchiones.
1167 1461 1317 1493 comites.
1339 1458 1495 1496 barones.
1518 1460 1647 1501 milites.
1677 1459 1805 1493 nobiles
1827 1464 1858 1492 et
1877 1459 1963 1501 laici.

103 1521 290 1552 communia
320 1521 502 1556 civitatum.
524 1520 761 1551 universitates
782 1518 968 1562 opidorum.
989 1522 1187 1555 castrorum.
1210 1522 1386 1554 terrarum.
1408 1519 1559 1553 villarum
1582 1523 1613 1552 ct
1642 1519 1781 1553 aliorum
1812 1519 1960 1552 locorum

103 1583 135 1612 et
163 1578 225 1612 alie
254 1578 442 1623 singulares
471 1589 616 1622 persone
646 1580 815 1611 civitatum
846 1582 877 1610 et
906 1578 1050 1611 diocesis
1086 1582 1118 1610 et
1152 1579 1290 1611 aliarum
1325 1582 1473 1624 parcium
1510 1580 1719 1614 diversarum
1758 1584 1962 1625 occuparunt

106 1644 138 1672 et
167 1641 323 1684 occupari
353 1638 507 1672 fecerunt
535 1643 657 1682 eastra.
686 1638 782 1672 villas
812 1642 843 1671 et
872 1638 933 1671 alia
964 1638 1048 1681 loca.
1079 1642 1197 1675 terraS.
1228 1639 1344 1673 domos
1375 1644 1406 1673 et
1434 1643 1667 1685 possessiones
1697 1643 1767 1673 iura
1797 1645 1828 1674 et
1857 1643 1961 1673 iuris-—

103 1698 271 1732 diceiones
300 1709 430 1731 necnon
451 1697 589 1741 fructus.
619 1698 779 1731 redditus.
809 1709 929 1732 census
959 1703 987 1731 et
1019 1703 1201 1744 proventus
1230 1704 1260 1732 et
1289 1700 1444 1733 nonnulla
1475 1700 1536 1733 alia
1566 1700 1652 1733 bona
1682 1700 1814 1734 mobilia
1844 1704 1876 1733 et
1895 1703 1963 1733 im—

106 1758 251 1795 mobilia.
282 1759 461 1804 spiritualia
492 1762 524 1791 et
553 1758 745 1803 temporalia
776 1758 815 1791 ad
846 1758 982 1791 eosdem
1012 1762 1228 1804 prepositum.
1259 1760 1420 1793 decanum
1451 1765 1481 1793 et
1512 1761 1690 1806 capitulum
1720 1764 1911 1806 spectancia
1932 1765 1964 1793 et

106 1830 145 1853 ea
174 1819 321 1852 detinent
349 1818 494 1852 indebite
523 1823 697 1863 occupata.
728 1830 786 1851 seu
817 1830 855 1851 ca
886 1819 1108 1852 detinentibus
1137 1824 1285 1864 prestant
1320 1820 1477 1853 auxilium
1514 1821 1688 1853 consilium
1723 1825 1755 1853 et
1793 1820 1962 1855 favorum.

103 1879 249 1913 nonnulli
279 1882 384 1912 eciam
415 1882 583 1912 civitatum
614 1890 652 1911 ac
683 1879 826 1912 diocesis
855 1883 887 1911 et
915 1882 1063 1923 parcium
1092 1879 1328 1924 predictarum.
1366 1883 1419 1924 qui
1454 1892 1576 1914 nomen
1606 1881 1729 1913 domini
1758 1884 1789 1913 in
1818 1891 1961 1913 vacuum

103 1942 256 1985 recipcre
286 1950 350 1972 non
381 1938 569 1972 formidant.
601 1938 725 1971 eisdem
756 1941 937 1984 preposito.
968 1938 1095 1971 decano
1125 1943 1157 1972 et
1185 1940 1327 1985 capitulo
1357 1941 1642 1986 super'predictis
1664 1944 1793 1977 castriS.
1824 1941 1910 1974 villis
1932 1945 1964 1974 et

103 2000 184 2033 locis
214 1999 297 2039 aliis.
327 2001 437 2035 terris.
468 1998 629 2032 domibus.
660 1998 940 2044 possessionibus.
978 1998 1102 2031 iuribus
1138 2003 1170 2032 et
1207 2000 1507 2036 iurisdiecionibus.
1539 2000 1711 2037 fructibus.
1748 2001 1903 2034 censibus
1933 2005 1965 2033 et

102 2059 282 2094 redditibus
312 2064 344 2092 et
379 2059 596 2105 proventibus
635 2059 816 2092 eorundem
853 2063 881 2091 et
922 2058 1172 2103 quibuscunque
1210 2060 1281 2093 aliis
1318 2060 1413 2093 bonis
1448 2060 1622 2094 mobilibus
1661 2065 1693 2094 et
1728 2060 1963 2098 immobilibus.

103 2119 326 2165 spiritualibus
355 2124 387 2153 et
417 2119 652 2164 temporalibus
683 2124 715 2152 et
743 2119 814 2152 aliis
843 2118 943 2152 rebus
972 2119 1011 2152 ad
1043 2120 1178 2153 eosdem
1208 2123 1425 2166 prepositum.
1456 2122 1615 2154 decanum
1656 2126 1686 2154 et
1723 2122 1899 2166 capitulmn
1930 2126 1961 2154 ut

103 2180 271 2226 prefertur
300 2179 537 2225 spectantibus.
568 2179 763 2224 multiplices
794 2179 961 2211 molestias
991 2183 1021 2211 et
1051 2182 1188 2213 iniurias
1217 2180 1362 2214 inferunt
1391 2185 1423 2214 et
1452 2184 1617 2223 iaeturas;
1647 2192 1749 2225 quare
1779 2181 1855 2214 dicti
1878 2192 1963 2226 pre-

103 2243 240 2285 positus.
271 2239 416 2272 decanus
446 2244 478 2272 et
507 2239 682 2284 capitulum
712 2238 808 2272 nobis
838 2239 1003 2271 humiliter
1041 2239 1277 2284 supplicarunt.
1313 2245 1358 2276 ut.
1395 2252 1468 2274 cum
1504 2241 1628 2274 eisdem
1668 2241 1765 2274 valde
1804 2241 1963 2274 reddatur

104 2299 236 2333 difficile
266 2310 325 2344 pro
355 2299 494 2343 singulis
524 2299 668 2343 querelis
698 2299 736 2331 ad
768 2299 983 2343 apostolicam
1015 2299 1127 2333 sedem
1158 2299 1284 2333 habere
1313 2312 1499 2338 recursum.
1538 2301 1719 2346 providere
1754 2303 1833 2346 ipsis
1863 2312 1963 2346 super

105 2359 167 2393 lioc
197 2364 335 2405 paterna
366 2359 542 2404 diligencia
572 2370 778 2392 curaremus.
810 2359 879 2392 Nos
910 2362 1009 2403 igitur
1037 2359 1201 2393 adversus
1222 2365 1454 2405 occupatores.
1477 2361 1680 2403 detentores.
1701 2365 1962 2406 presumptores.

105 2419 338 2453 molestatores
381 2424 411 2452 et
449 2422 660 2452 iniuriatores
696 2419 883 2452 huiusmodi
922 2419 974 2452 illo
1013 2419 1165 2452 volentos
1201 2420 1326 2453 eisdem
1364 2423 1545 2465 preposito.
1586 2420 1714 2453 decano
1753 2425 1783 2453 et
1821 2421 1962 2466 capitulo

104 2479 253 2513 remedio
290 2478 483 2521 subvenire.
522 2490 582 2524 per
619 2479 704 2524 quod
742 2482 887 2524 ipsorum
927 2484 1159 2524 compescatur
1196 2483 1366 2513 temeritas
1405 2492 1443 2513 ae
1485 2481 1556 2513 aliis
1594 2481 1700 2513 aditus
1739 2481 1964 2514 committendi

103 2539 219 2572 similia
249 2539 472 2584 precludatur.
503 2540 702 2572 discrecioni
732 2544 846 2572 vestre
876 2550 935 2584 per
964 2539 1144 2584 apostolica
1166 2543 1287 2585 scripta
1316 2541 1521 2577 mandamus.
1543 2545 1705 2586 quatenus
1734 2552 1796 2575 vos
1825 2541 1881 2575 vel
1900 2541 1964 2574 duo

103 2603 158 2632 aut
187 2610 270 2633 unus
298 2604 448 2633 vestrum
477 2610 537 2644 per
564 2610 627 2633 vos
655 2600 711 2633 vel
740 2600 838 2633 alium
868 2611 926 2632 seu
966 2600 1057 2633 alios.
1089 2602 1195 2633 eciam
1224 2603 1249 2633 si
1273 2592 1343 2634 'sint
1372 2605 1466 2634 extra
1496 2601 1581 2637 loca.
1611 2604 1643 2634 in
1672 2600 1789 2646 quibus
1819 2600 1964 2646 deputati

103 2662 182 2693 estis
212 2664 471 2693 conservatores
501 2664 531 2692 et
558 2660 700 2703 judices.
731 2659 867 2705 prefatis
896 2663 1077 2705 preposito.
1108 2660 1236 2693 decano
1265 2665 1297 2694 et
1326 2661 1468 2706 capitulo
1489 2661 1635 2695 ell'ieacis
1656 2661 1860 2695 defensionis
1880 2672 1964 2706 pre-

1793 2727 1809 2752 8
