2336 3074
1232 215 1304 249 5213

338 320 531 353 lwclieunen
566 317 784 351 ollenleicben
815 330 855 351 an
885 319 988 352 ‹lisem
1020 319 1104 364 prise
1134 319 1196 352 und
1228 324 1281 352 tun
1311 319 1418 354 cbnnd
1449 320 1533 354 allen
1564 320 1638 356 (len.
1673 321 1717 366 dy
1755 321 1847 355 disca
1886 322 1952 367 pris
1985 322 2076 355 lesen
2113 322 2196 356 oder

339 381 452 413 liorent
485 380 585 412 lesen.
638 378 706 411 Das
737 382 800 411 wir
828 379 973 422 geloben
1003 379 1067 413 und
1099 379 1327 425 versprecben
1359 383 1412 414 init
1449 392 1594 415 unseren
1634 386 1762 416 trcwen
1801 393 1841 415 an
1880 382 1961 416 alles
1997 394 2107 427 gever
2144 382 2196 416 l'iir

338 452 396 473 uns
426 440 488 473 und
519 440 581 472 alle
611 439 652 484 11)·
684 450 806 472 nnsern
837 439 900 473 und
932 440 984 473 fiir
1012 440 1075 473 alle
1104 440 1157 486 dy.
1197 440 1259 474 den
1290 441 1404 475 ‹luricb
1437 453 1557 476 unsern
1588 442 1699 476 willen
1730 447 1785 476 tun
1814 443 1877 476 und
1907 443 2016 477 lasseu
2046 444 2194 478 wellent.

336 502 393 533 «las
423 503 486 533 wir
514 500 587 533 dem
619 499 859 537 lim-ligeboren
890 500 1200 539 duriclileucbtigen
1232 501 1356 535 fursteu
1387 503 1603 547 inarggrasen
1623 503 1739 537 Josten
1770 503 1891 537 berren
1921 515 1980 537 czn
2003 504 2191 538 Mericbcrn

336 561 397 594 und
427 561 511 594 allen
542 561 604 594 den
638 572 766 606 seyneu
798 572 862 594 von
893 561 952 595 der
980 561 1236 605 gel'iinkcbnuzz
1265 574 1400 607 wegen.
1439 563 1478 596 da
1517 575 1554 597 er
1583 575 1645 597 vns
1675 568 1908 605 vorgeiiantcn
1936 564 2015 609 ,graf
2041 564 2192 598 Tboman

336 633 400 655 von
435 622 515 654 saud
546 621 684 658 Jorigen
714 626 814 658 getan
852 622 918 657 bat.
954 633 1074 668 nymer
1110 634 1181 656 iuer
1218 622 1355 656 darumb
1393 634 1453 657 czn
1489 624 1665 669 sprecbem
1701 624 1785 658 nacb
1825 624 1928 658 reden
1958 625 2042 658 nacb
2073 636 2192 659 manen

335 682 454 715 wellen
485 685 514 715 in
545 682 629 715 allen
659 693 793 725 wegen.
836 682 906 716 t'nd
937 683 995 717 das
1024 683 1146 727 gelobe
1175 686 1239 717 wir
1271 694 1378 722 gancz
1407 683 1470 717 und
1501 695 1563 725 gar
1590 689 1651 717 stet
1683 696 1721 718 zu
1752 684 1859 718 baben
1890 685 1952 718 und
1983 697 2042 719 czu
2074 685 2191 719 balden

334 746 386 775 mit
417 754 540 776 unsern
570 748 678 776 trewn
709 754 749 777 an
780 743 860 777 alles
889 744 1051 781 geverde.
1084 743 1138 777 Mn
1169 743 1288 777 urkunt
1319 744 1377 777 des
1407 744 1487 790 priss
1518 745 1677 789 versigelt
1706 748 1760 779 mit
1789 757 1913 779 vnsern
1934 745 2190 791 anbangundem

334 803 484 847 iusigeln.
517 802 633 837 Geben
655 815 714 837 czu
735 804 816 838 saud
841 804 980 846 Jorigeu
1011 815 1051 837 an
1082 804 1162 838 sand
1186 804 1282 838 Peter
1311 804 1373 838 und
1403 805 1483 838 saud
1507 804 1661 850 l'aulstag
1690 806 1750 839 der
1779 806 1936 852 lieyligen
1957 806 2191 852 czwelil'poten

334 863 416 896 nacb
448 863 573 897 Cristes
602 864 731 909 gepurd
761 864 1008 898 drewczecbeu
1040 865 1180 898 bundert
1206 866 1260 909 jar
1289 865 1435 899 darnacb
1466 868 1496 899 in
1527 866 1600 899 dein
1631 865 1883 900 ncwnczkisten
1910 868 1976 911 jar.

659 944 715 967 ltzis
741 944 868 975 (tris-*iiial
896 944 943 968 mit
970 944 1035 968 fimf
1058 949 1105 970 :ut
1131 944 1294 969 erlialteiwn
1321 944 1432 975 siem-ln
1458 945 1493 969 1111
1519 945 1609 971 t‘iirstl.
1636 945 1976 976 Sebwa:mentua-giselam
2004 945 2126 970 ,xi-ellico
2158 954 2191 970 zu

749 995 907 1022 Wiitincan
923 996 931 1014 ‘v

1212 1141 1321 1177 6⁰⁴.

334 1252 509 1288 Mhohms.
542 1252 610 1286 Ab!
648 1254 707 1286 des
738 1254 896 1287 Ii'losters
926 1254 1033 1288 Sam:
1071 1254 1238 1288 lwlmndel
1266 1255 1321 1288 die
1346 1254 1496 1299 yelllz'clw
1528 1254 1715 1298 Beilefflmy
1754 1255 1813 1288 des
1842 1253 1984 1288 Stre'tles
2022 1256 2080 1288 mi!
2118 1255 2191 1289 dem

399 1313 537 1346 Kloster
569 1314 730 1347 (ks-loiron
761 1314 936 1358 bez-eiglliclt
967 1316 1062 1348 einer
1092 1315 1222 1348 Selmld
1251 1326 1312 1348 1·οη
1347 1315 1417 1348 loo
1448 1314 1558 1348 Marlr.
1593 1315 1638 1348 D!
1680 1314 1787 1350 Saar.
1823 1314 1877 1349 ll.
1909 1315 1982 1349 Juli
2012 1314 2119 1349 1390.

486 1390 572 1443 ⁴xos
602 1410 722 1443 fratres
752 1409 909 1443 Nicolaus
939 1409 1053 1444 abbas.
1088 1410 1260 1444 Jobannes
1289 1414 1391 1457 prior.
1420 1410 1592 1445 Jobannes
1622 1410 1788 1456 subprior.
1816 1410 1988 1444 ,lohannes
2017 1410 2188 1456 bursarius

331 1475 482 1514 totusque
517 1475 703 1503 conventus
742 1473 934 1504 monasterii
973 1470 1087 1504 Fontis
1128 1475 1243 1505 sancte
1281 1471 1386 1506 Marie
1423 1474 1563 1517 virginis
1602 1474 1632 1505 in
1671 1471 1747 1506 Sar.
1782 1471 1908 1505 ordinis
1944 1470 2189 1505 Cisterciensis.

331 1530 507 1575 pragensis
545 1531 701 1565 diocesis.
758 1535 1034 1575 recognoscimus
1071 1537 1188 1565 tenore
1230 1535 1440 1578 presencium
1483 1535 1662 1566 universis.
1719 1532 1804 1577 quod
1849 1535 1879 1565 111
1918 1543 2017 1565 causa
2056 1532 2120 1566 litis
2157 1536 2190 1566 et

330 1595 522 1636 questionis.
566 1603 629 1637 que
667 1595 753 1625 inter
790 1603 851 1625 nos
887 1604 929 1626 ex
968 1603 1030 1625 una
1067 1597 1097 1625 et
1137 1592 1364 1626 venerabilem
1403 1593 1569 1627 dominam
1607 1592 1777 1637 Agnetem
1815 1591 2016 1626 abbatissam
2051 1595 2190 1638 eiusque

329 1657 527 1685 conventum
563 1655 753 1686 monasterii
784 1652 887 1686 Vallis
921 1658 1036 1686 sancte
1065 1653 1170 1687 Marie
1205 1657 1236 1687 in
1266 1653 1362 1687 Ossia
1401 1653 1475 1687 dicti
1506 1652 1739 1687 Cisterciensis
1774 1653 1912 1689 ordinis„
1955 1652 2187 1687 Olomucensis

329 1712 471 1746 diocesis
500 1713 643 1758 desuper
670 1713 811 1758 quodam
842 1713 1004 1759 pecuniali
1034 1713 1157 1748 debito.
1187 1714 1341 1748 videlicet
1371 1719 1502 1748 centum
1533 1725 1719 1748 marcarum
1749 1724 1946 1759 grossorum
1975 1714 2187 1748 denariorum

330 1776 540 1818 pragensium
576 1777 737 1807 moravici
767 1777 895 1807 numeri
929 1779 959 1807 et
998 1778 1188 1820 pagamenti
1224 1780 1255 1808 et
1291 1786 1393 1808 censu
1431 1775 1575 1820 desuper
1612 1779 1746 1808 accreto
1783 1778 1876 1820 parte.
1915 1773 2109 1808 vertebatur
2146 1785 2189 1808 ex

328 1834 443 1867 altera.
473 1845 532 1879 per
560 1834 809 1868 ordinacionem
841 1845 879 1868 ac
910 1834 1028 1869 bonam
1059 1838 1176 1869 iustam
1207 1840 1235 1869 et
1258 1835 1493 1869 racionabilem
1515 1835 1783 1869 declaracionem
1803 1834 2011 1869 illustrissimi
2031 1837 2188 1881 principis

329 1899 359 1927 et
388 1894 509 1927 domini
540 1894 661 1928 domini
690 1895 807 1929 Jodoci
837 1895 1040 1929 marchionis
1070 1901 1100 1929 et
1131 1896 1251 1930 domini
1271 1895 1436 1932 Moravie.
1466 1899 1568 1930 nostri
1589 1896 1711 1929 domini
1731 1899 1890 1941 generosi
1915 1907 2028 1930 sumus
2048 1895 2189 1930 finaliter

328 1959 358 1987 et
388 1953 604 1988 amicabiliter
633 1966 705 1988 cum
737 1956 854 1989 ellectu
884 1956 1088 1990 concordati.
1119 1959 1167 1990 sic
1196 1957 1280 2002 quod
1312 1957 1405 1991 dictis
1434 1956 1601 1990 abbatisse
1631 1961 1661 1990 et
1690 1959 1868 1990 conventui
1899 1961 2000 1990 totum
2029 1955 2186 1995 debitum„

328 2019 357 2048 in
387 2026 452 2060 quo
481 2015 607 2049 eisdem
638 2019 774 2049 racione
803 2020 885 2049 certi
914 2020 1016 2050 mutui
1046 2016 1244 2061 obligamur.
1282 2021 1372 2052 iuxta
1411 2022 1599 2051 nostrarum
1636 2019 1878 2050 continenciam
1915 2017 2084 2051 literarum
2123 2019 2186 2050 iam

327 2080 398 2109 actu
429 2076 652 2121 persolvimus
682 2077 889 2120 integraliter
918 2082 947 2110 et
984 2078 1021 2110 ad
1061 2078 1203 2123 plenum.
1245 2077 1477 2112 Promittentes
1514 2088 1576 2111 nos
1614 2077 1716 2111 abbas
1754 2082 1785 2111 el
1823 2082 2010 2111 conventus
2047 2076 2186 2123 predicti

327 2135 492 2169 abbatisse
522 2141 552 2169 et
583 2139 763 2169 conventui
794 2137 991 2182 supradictis
1021 2142 1136 2171 nostro
1158 2142 1187 2171 et
1209 2149 1444 2172 successorum
1465 2143 1657 2172 nostrorum
1678 2140 1813 2171 nomine
1833 2137 1952 2171 dictam
1978 2137 2184 2171 amicabilem

326 2196 538 2230 concordiam
569 2200 654 2230 inter
682 2208 743 2230 nos
773 2197 880 2230 taliter
911 2197 1028 2231 factam
1059 2201 1130 2231 sine
1160 2198 1235 2232 dolo
1265 2203 1295 2232 et
1325 2198 1385 2232 sub
1415 2198 1488 2232 fidei
1518 2203 1632 2232 nostre
1663 2201 1803 2244 puritate
1832 2202 1946 2231 tenere
1984 2198 2121 2232 firmiter
2154 2202 2188 2232 et

326 2256 559 2290 inviolabiliter
580 2256 766 2291 observare
783 2268 845 2290 nec
861 2262 976 2291 contra
996 2269 1053 2291 eas
1069 2258 1110 2291 de
1126 2263 1240 2292 cetero
1257 2259 1339 2292 ultra
1357 2260 1604 2293 ordinacionem
1626 2263 1657 2292 et
1674 2257 1880 2293 amicabilem
1901 2261 2183 2304 composicionem

325 2318 506 2363 predictam
547 2317 587 2351 de
624 2322 738 2351 nostra
777 2317 863 2351 bona
900 2318 1071 2351 voluntate
1109 2323 1139 2351 et
1169 2330 1334 2352 consensu
1364 2319 1483 2353 factam
1514 2330 1712 2365 quocunque
1741 2321 1870 2363 quesito
1899 2319 2014 2352 colore
2043 2318 2083 2352 de
2112 2321 2184 2352 iure

326 2378 379 2411 vel
409 2378 449 2411 de
478 2377 565 2411 facto
595 2378 714 2423 aliquid
754 2381 929 2412 innovare.
968 2389 1107 2412 movere
1143 2379 1198 2412 vel
1236 2381 1339 2413 eciam
1376 2384 1573 2426 attemptare
1606 2381 1683 2423 Jure
1718 2379 1853 2424 speciali
1883 2379 1938 2413 vel
1965 2381 1997 2413 in
2027 2378 2181 2413 seculari.

326 2438 360 2470 Si
389 2449 472 2471 vero
501 2449 562 2471 nos
582 2438 637 2472 vel
656 2449 874 2472 successores
894 2443 1026 2472 nostros
1046 2443 1163 2473 contra
1183 2442 1346 2485 premissa
1366 2443 1565 2484 contigeret.
1595 2439 1681 2484 quod
1707 2438 1802 2473 absit.
1832 2439 1952 2485 aliquid
1974 2444 2184 2485 attemptare,

327 2503 400 2531 tunc
430 2501 550 2531 virtute
580 2502 790 2544 presencium
820 2502 1076 2533 renuncciamus
1105 2511 1268 2546 expresse
1297 2501 1466 2544 omnijuri
1488 2505 1518 2533 et
1540 2502 1680 2542 accioni,
1710 2499 1889 2545 privilegio
1909 2504 1941 2533 et
1961 2502 2183 2545 exempcioni‚

325 2561 351 2591 si
381 2569 444 2603 que
473 2558 567 2592 nobis
588 2564 793 2605 competeret
816 2560 869 2593 vel
891 2559 1102 2605 aliquomodo
1122 2565 1235 2606 posset
1255 2565 1447 2606 competere
1467 2563 1498 2594 in
1518 2563 1701 2606 premissis.
1734 2560 1773 2594 In
1793 2563 1886 2594 cuius
1907 2563 1953 2594 rei
1975 2560 2183 2594 evidenciam

325 2623 355 2651 et
386 2621 520 2652 maioris
550 2619 680 2653 roboris
710 2619 895 2653 firmitatem
927 2625 1101 2666 presentes
1130 2623 1177 2654 eis
1207 2620 1247 2654 de
1275 2625 1388 2655 nostra
1422 2626 1512 2654 certa
1551 2624 1696 2654 sciencia
1727 2620 1876 2655 dedimus
1913 2621 2040 2654 litteras
2069 2624 2184 2655 nostro

325 2683 356 2711 et
384 2682 486 2712 nostri
517 2685 702 2713 conventus
722 2680 838 2724 sigillis
867 2680 1038 2724 sigillatas.
1068 2680 1241 2725 Rogamus
1270 2684 1374 2715 eciam
1396 2680 1623 2715 venerabilem
1653 2686 1780 2727 patrem
1806 2681 1972 2715 dominum
1994 2680 2182 2715 Conradum
