2336 3074
932 254 973 255 j
996 202 1069 236 :2ss9

100 303 236 338 liberam
276 309 308 338 ct
348 305 573 338 omnimodam
618 308 861 349 auctoritatem,
901 311 1099 352 potestatem
1139 309 1356 354 temporalem
1394 314 1424 344 et
1461 311 1655 355 generalem
1695 310 1966 344 iurisdiccionem

99 375 230 398 necnon
259 365 361 409 gladii
388 370 601 411 potestatem,
631 377 772 409 merum,
802 370 939 400 mixtum
971 372 1003 400 et
1031 366 1217 401 absolutum
1247 372 1419 415 imperium
1451 382 1489 404 ac
1511 374 1616 404 eciam
1638 371 1965 404 administracionem

99 429 131 458 et
159 425 429 459 iurisdiccionem
459 426 683 460 omnimodam
713 430 963 460 contenciosam
992 431 1025 460 et
1052 428 1273 462 voluntariam
1304 433 1379 463 vice
1417 436 1449 464 et
1478 435 1674 465 auctoritate
1704 436 1802 476 atque
1831 435 1966 465 nomine

99 489 222 519 nostris
251 490 283 519 et
311 489 398 519 sacri
428 489 559 532 imperii
587 490 620 520 111
657 486 810 520 omnibus
848 491 881 520 et
918 498 978 532 per
1016 491 1125 521 omnia
1164 490 1400 523 universaliter
1438 496 1469 524 et
1506 492 1720 535 singulariter
1756 495 1789 525 in
1827 492 1966 536 singulis

98 548 293 591 provinciis,
336 547 586 592 principatibus,
629 548 794 591 dominiis,
831 547 1044 591 districtibus,
1090 548 1291 592 civitatibus,
1331 551 1449 596 opidis,
1488 555 1617 585 castris.
1655 552 1740 585 villis
1779 556 1811 585 et
1848 563 1964 585 eorum

99 609 244 640 omnium
274 610 489 652 pertinenciis
519 610 624 641 tocius
653 608 746 642 Italie
782 612 813 641 et
850 608 1171 642 ultramontanarum
1206 609 1353 654 partibus
1391 611 1665 657 qualitercunque
1703 616 1735 645 et
1773 612 1964 657 quomodo—

99 678 229 711 cunque
258 670 435 701 nominatis
464 672 496 701 et
525 667 714 713 ubicunque
750 671 831 703 sitis.
870 668 959 702 nullo
972 666 1004 713 ⁹)
1040 672 1170 714 penitus
1207 675 1350 715 excepto
1367 669 1425 716 ¹0).
1456 683 1516 717 per
1553 684 1601 707 se.
1639 673 1737 706 alium
1778 673 1832 706 vel
1869 672 1964 715 alios,

99 726 217 772 quibus
247 727 310 760 boc
339 728 471 762 duxerit
500 728 848 774 committenduin¹¹],
879 728 977 762 feoda
1007 728 1151 773 quelibet
1186 731 1369 775 imperialia
1400 731 1595 765 conferendi
1625 737 1655 765 et
1686 732 1903 766 confirmandi
1933 737 1963 765 et

98 787 139 821 de
168 797 258 821 novo
288 790 319 821 in
348 788 430 822 locis
459 786 694 834 premissisffl)
724 789 832 822 eidem
862 792 1049 823 commissis
1078 789 1165 823 bona
1195 795 1227 823 et
1255 802 1310 824 res
1331 791 1491 836 quaslibet
1513 793 1703 826 inl'eodandi
1725 796 1808 826 etin
1829 793 1962 826 feodum

97 847 293 893 disponendi
322 853 353 881 et
383 849 597 893 assignandi3
627 849 773 883 vasallos
794 854 825 883 et
846 849 1051 883 feodatarios
1076 851 1298 884 constituendi
1320 856 1350 884 et
1371 851 1545 886 ordinandi
1560 851 1627 898 ¹²³),
1658 853 1767 888 feoda.
1790 853 1958 898 homagia,

97 906 378 954 feodatarios¹⁴)‚
412 909 560 943 vasallos
597 910 781 943 revocandi
819 915 851 943 et
894 910 989 943 alteri
1027 910 1222 954 assignandi
1258 911 1314 944 vel
1349 911 1453 945 libera
1493 913 1677 956 relaxandi,
1717 914 1889 947 ordinandi
1928 919 1961 947 et

99 968 303 1011 destruendi,
333 974 431 1014 prout
459 970 566 1003 eidem
597 967 846 1016 consonumffi)
875 969 1063 1013 videbitur,
1092 973 1251 1014 vicarios,
1282 971 1558 1006 locumtenentes.
1580 977 1775 1018 potestates.
1797 978 1961 1008 rectores.

91 1029 224 1072 judices
254 1034 286 1062 et
314 1029 476 1064 officiales
506 1030 669 1075 quoslibet
700 1036 861 1076 perpetue
891 1031 946 1065 vel
981 1031 1021 1064 ad
1051 1036 1180 1076 tempus
1218 1034 1250 1064 in
1278 1031 1360 1065 locis
1398 1033 1554 1078 predictis
1592 1033 1768 1075 statuendi,
1806 1033 1961 1067 faciendi.

97 1089 233 1123 creandi
263 1094 295 1123 et
323 1090 519 1133 ordinandi,
548 1096 724 1137 presentes
752 1094 901 1125 vicarios
929 1103 990 1125 seu
1018 1092 1295 1135 locumtenentes,
1318 1092 1475 1127 vasallos.
1498 1092 1612 1126 fideles
1634 1104 1693 1126 seu
1714 1097 1808 1127 cuius
1828 1097 1962 1127 nomine

96 1155 340 1195 nuncupentur,
378 1154 409 1184 in
447 1151 530 1185 locis
566 1151 725 1197 predictis
759 1163 820 1197 per
856 1162 918 1186 nos
955 1156 1010 1185 aut
1047 1156 1180 1185 nostros
1222 1152 1485 1197 predecessores
1528 1153 1710 1196 ordinatos,
1754 1157 1962 1187 constitutos.

98 1213 235 1244 racione
264 1211 426 1245 suadente
455 1216 486 1245 et
521 1217 618 1257 prout
654 1212 715 1246 sibi
753 1212 931 1255 videbitur,
968 1212 1165 1255 revocandi,
1203 1212 1377 1246 ordinandi
1412 1218 1443 1246 et
1480 1213 1718 1256 distribuendi,
1773 1214 1962 1259 privilegia.

97 1270 212 1304 literas
241 1282 300 1304 seu
328 1275 490 1317 rescripta
520 1272 726 1317 prefatorum
757 1272 904 1315 tollendi,
934 1273 1119 1306 revocandi
1148 1277 1180 1306 et
1216 1273 1405 1307 annullandi
1434 1276 1466 1306 in
1496 1278 1599 1307 totum
1628 1274 1684 1307 vel
1712 1276 1745 1307 in
1773 1279 1901 1320 partem
1931 1278 1964 1307 et

98 1333 130 1364 iu
159 1334 207 1365 eis
221 1329 269 1377 ¹⁶]
299 1331 445 1377 quolibet
464 1335 611 1378 ipsorum
641 1333 795 1376 addendi,
816 1333 1020 1375 declarandi,
1041 1333 1245 1378 corrigendi.
1267 1339 1363 1379 prout
1383 1334 1489 1367 eidem
1511 1338 1626 1367 nostro
1647 1337 1775 1368 vicario
1795 1334 1963 1368 videbitur

98 1392 153 1424 vel
182 1397 279 1437 prout
307 1395 411 1436 racio,
442 1396 559 1426 merita
590 1393 643 1426 vel
673 1393 834 1427 demerita
863 1396 1010 1439 ipsorum
1040 1394 1096 1427 vel
1125 1394 1263 1428 alicuius
1293 1404 1408 1427 eorum
1437 1393 1635 1437 suadebunt,
1656 1405 1696 1427 ac
1725 1397 1962 1428 001311100ου-

98 1456 246 1497 patores,
276 1452 469 1487 detentores
498 1452 621 1499 seu¹⁷)
650 1456 827 1488 invasores
856 1451 974 1499 velffl]
1011 1465 1228 1500 possessores
1265 1457 1528 1499 provinciarum.
1558 1457 1747 1499 regionum,
1777 1457 1961 1497 civitatum,

98 1517 275 1556 terrarum,
305 1513 491 1559 opidorum,
522 1518 722 1557 castrorum,
752 1517 965 1548 comitatuum
1004 1512 1122 1561 senff-³)
1153 1515 1306 1548 villarum
1345 1519 1374 1547 et
1387 1512 1437 1559 ²0]
1477 1525 1750 1559 quarumcunque
1788 1525 1900 1547 rerum
1930 1519 1963 1548 et

97 1572 260 1617 locorum,
290 1573 330 1607 ad
359 1585 420 1607 nos
449 1574 505 1608 vel
535 1574 575 1608 ad
613 1585 745 1608 sacrum
783 1577 958 1620 imperium
996 1578 1223 1620 spectancium
1262 1586 1321 1608 seu
1359 1574 1604 1619 quomodolibet
1643 1577 1899 1620 pertinencium,
1927 1579 1963 1608 ut

97 1633 263 1676 relaxent,
301 1634 474 1678 dimittant,
511 1637 697 1677 restituant.
741 1635 965 1677 ammonendi,
1004 1635 1215 1669 convocandi
1253 1639 1283 1668 et
1322 1634 1572 1678 constringendi
1609 1639 1640 1668 et
1677 1639 1793 1668 contra
1832 1645 1890 1668 eos
1929 1639 1962 1668 et

98 1705 314 1739 quoscunque
343 1694 573 1740 delinquentes
603 1695 868 1740 quandocunque
898 1699 930 1729 et
958 1695 1259 1740 quomodocunque
1288 1699 1320 1728 et
1348 1694 1546 1739 ubieunque.
1568 1697 1641 1728 sive
1661 1698 1700 1728 sit
1728 1697 1960 1737 communitas,

97 1754 289 1799 collegium,
318 1757 520 1788 universitas
548 1766 608 1789 seu
645 1755 800 1800 specialis
829 1766 973 1801 persona
1012 1767 1086 1789 cum
1125 1756 1284 1799 dignitate
1322 1755 1377 1787 vel
1414 1757 1496 1797 sine,
1527 1758 1559 1787 et
1595 1757 1742 1800 ipsorum
1781 1754 1962 1800 quemlibet

96 1817 276 1848 summarie
305 1812 400 1860 et21]
429 1814 470 1848 de
498 1814 600 1858 facto,
628 1826 689 1860 per
718 1815 839 1848 dictum
869 1821 1018 1849 nostrum
1048 1818 1223 1857 vicarium,
1244 1815 1342 1848 alium
1363 1826 1422 1848 seu
1443 1815 1525 1848 alios
1554 1826 1616 1861 per
1644 1826 1719 1848 eum
1740 1815 1959 1849 ordinandum

97 1872 218 1921 seu22]
248 1875 463 1918 ordinandos,
492 1875 708 1921 procedendi,
739 1876 980 1920 cognoscendi,
1010 1876 1252 1918 sentenciandi,
1282 1875 1469 1920 exequendi
1509 1880 1541 1908 et-
1570 1876 1738 1921 puniendi,
1768 1880 1800 1909 et
1836 1875 1959 1909 inobe-

97 1935 226 1969 dientes
254 1935 542 1970 animadvertendi
571 1940 603 1969 et
630 1935 800 1981 predictos
828 1936 963 1970 realiter
992 1941 1023 1970 et
1052 1937 1276 1982 personaliter
1304 1932 1511 1981 mutandi‘ffl)
1541 1939 1573 1969 et
1600 1936 1775 1981 puniendi,
1804 1947 1959 1980 guerras.

97 1999 278 2039 exercitus,
308 1995 509 2038 cabalcatas,
539 1996 804 2039 destrucciones,
834 1999 1048 2030 vastaciones
1077 2001 1109 2030 et
1129 1996 1391 2030 confiscaciones
1422 1995 1584 2029 bonorum
1605 1996 1782 2039 indicendi,
1804 1996 1958 2038 faciendi,

97 2056 305 2102 disponendi,
335 2056 521 2099 ordinandi,
551 2056 838 2090 animadvertendi
867 2061 899 2090 et
928 2057 1111 2090 exercendi
1148 2059 1181 2090 in
1209 2056 1420 2089 facinorosos
1458 2060 1490 2088 et
1527 2067 1605 2089 reos
1643 2055 1796 2090 homines
1833 2067 1959 2101 eosque

96 2121 128 2150 et
155 2116 300 2150 rebelles
329 2128 546 2162 quoscunque
574 2117 743 2162 puniendi,
772 2117 959 2162 relegandi,
989 2117 1185 2163 deportandi
1215 2122 1247 2150 et
1281 2117 1395 2150 ultimo
1425 2116 1586 2161 supplicio
1615 2116 1780 2150 adiciendi
1809 2128 1848 2150 ac
1877 2116 1958 2150 alias

95 2177 299 2211 cohercendi
327 2180 464 2211 racione
484 2177 539 2211 vel
559 2180 686 2211 iusticia
708 2178 875 2211 mediante
896 2178 951 2212 vel
971 2182 1068 2223 prout
1088 2177 1149 2211 sibi
1168 2176 1335 2211 videbitur
1346 2174 1396 2221 ²⁴]
1419 2181 1450 2209 et
1470 2181 1567 2222 prout
1587 2177 1727 2222 qualitas
1748 2179 1895 2210 criminis
1907 2173 1958 2221 ²5)

96 2237 152 2271 vel
181 2237 291 2270 delicti
319 2240 435 2282 exiget
462 2237 517 2271 vel
549 2235 759 2283 requtret2‘5)
789 2238 951 2284 culpaque
981 2238 1247 2282 delinquencium
1277 2240 1309 2269 et
1338 2233 1573 2280 excessus‘27),
1603 2239 1652 2270 sic
1689 2241 1723 2269 ut
1760 2247 1820 2282 per
1849 2239 1956 2282 ipsum

96 2308 191 2332 suum
229 2297 285 2331 vel
320 2308 411 2340 suos,
439 2302 474 2331 ut
506 2300 718 2343 premittitur,
757 2301 1022 2332 commissarium
1061 2309 1121 2331 seu
1162 2296 1323 2330 officiales
1362 2307 1490 2329 merum
1529 2300 1561 2329 et
1595 2299 1733 2330 mixtum
1769 2299 1956 2342 imperium,

96 2357 343 2391 administracio
373 2362 405 2391 et
434 2358 623 2391 omnimoda
652 2358 842 2392 iurisdiccio
871 2360 1086 2392 contenciosa
1117 2367 1175 2390 seu
1203 2356 1393 2390 voluntaria
1422 2358 1454 2389 in
1483 2356 1557 2389 loca
1587 2360 1619 2389 et
1647 2355 1812 2399 homines,
1834 2359 1956 2390 cuius-

96 2428 227 2462 cunque
256 2422 371 2460 status,
400 2421 651 2463 preeminencie
680 2418 735 2452 vel
767 2418 974 2452 condicionis
1013 2420 1170 2458 existant,
1199 2427 1260 2461 per
1297 2419 1399 2449 totam
1436 2415 1562 2449 Italiam
1602 2419 1837 2459 consistencia,
1869 2427 1957 2449 con-

96 2480 263 2521 sistentes,
293 2477 480 2512 habitantes
508 2478 565 2512 vel
593 2489 720 2512 moram
750 2478 920 2512 trahentes
958 2481 1183 2511 exerceantur
1211 2476 1268 2509 vel
1297 2478 1453 2509 exerceri
1481 2478 1610 2522 possint
1647 2480 1677 2509 et
1708 2475 1761 2509 1110
1789 2479 1821 2509 111
1850 2487 1958 2521 regno

95 2537 245 2580 Boemie,
265 2537 309 2571 ibi
336 2540 369 2571 in
397 2537 544 2583 partibus
573 2538 826 2572 ultramontanis
856 2535 969 2583 velffi)
991 2536 1078 2579 alibi,
1108 2535 1162 2569 ubi
1191 2538 1297 2581 ipsum
1317 2540 1467 2569 nostrum
1497 2538 1658 2569 vicarium
1686 2547 1762 2569 esse
1782 2539 1962 2581 contigerit

96 2602 128 2631 et
156 2602 331 2643 antequam
352 2600 441 2643 ipsas
460 2602 572 2643 partes
592 2601 663 2643 ipse
682 2600 793 2641 intret,
815 2602 845 2631 et
875 2602 1048 2643 postquam
1069 2598 1244 2629 intraverit
1263 2595 1317 2629 vel
1337 2595 1413 2629 inde
1434 2599 1624 2630 recesserit.
1646 2595 1750 2630 libere
1777 2596 1958 2630 secundum

95 2657 181 2703 quod
212 2657 319 2691 eidem
348 2660 398 2691 ius
427 2662 458 2691 et
487 2660 578 2691 racio
606 2657 852 2703 persuadebunt
883 2667 1080 2702 quacunque
1108 2658 1267 2701 temporis
1295 2659 1546 2702 prescripcione
1571 2667 1631 2690 seu
1659 2660 1863 2702 usucapione
1892 2668 1958 2691 non
