2336 3074
991 213 1058 247 221

96 316 149 350 ille
178 319 219 350 sit
247 319 378 362 spurius
398 321 510 362 utpote
539 316 623 350 lilius
644 317 812 351 cuiusdam
843 318 1039 352 sacerdotis.
1061 321 1115 363 qui
1144 320 1175 351 in
1197 322 1285 351 tante
1307 318 1439 351 vilitatis
1470 318 1678 351 evitlcnciam
1709 318 1811 352 voluit
1842 321 1956 364 pocius

95 379 260 423 pravitate
288 379 443 411 insistere
471 388 568 422 quani
600 377 773 411 vii-tutibus
802 377 970 411 inherere.

407 464 490 498 (Cod.
513 465 595 498 epist,
620 465 669 490 «les
693 465 799 498 Prager
823 465 1007 490 lirzhischofs
1030 465 1146 491 ‚johann
1171 474 1198 491 v.
1222 465 1407 490 Jenzensteiu
1432 465 1562 499 lierausg.
1588 475 1613 491 v.
1638 466 1665 491 J.
1690 467 1800 492 Losert.
1825 466 1911 491 Areli.
1937 466 1958 493 f.

509 519 561 543 fist.
588 516 788 544 Geschiehtsk.
815 517 865 542 Bu.
891 518 940 542 55.
965 526 1030 551 pag.
1056 516 1140 551 330.)

978 713 1087 748 246.

94 816 233 851 Jolaame
264 827 327 850 ron
357 816 577 850 Jenz-enstein
607 828 652 849 an
682 817 744 850 (len
774 816 899 850 Probst
926 827 990 849 ron
1020 816 1196 849 Raudm'tz·
1227 815 1310 849 iiber
1341 817 1405 850 (len
1435 816 1567 850 Xutz-en
1606 817 1665 850 des
1693 817 1959 850 beselnmle'cleen

303 877 436 911 Lebens
466 877 534 910 und
562 876 645 910 iiber
674 877 729 910 die
753 876 985 921 Ausso'lemmq
1014 878 1071 909 mit
1100 877 1173 910 dem
1200 876 1428 921 illm-hyrafen
1458 877 1605 921 Prolwp.
1640 876 1750 911 1351.

407 989 554 1035 Epistola
583 993 752 1035 preposito
782 989 986 1023 Rudnicensi
1016 989 1056 1022 de
1086 992 1152 1022 vita
1182 989 1441 1035 contemplativa
1470 990 1676 1035 peragenda.

251 1065 497 1130 singulariter
524 1084 726 1118 venerabilis
756 1084 878 1118 devote
908 1084 1027 1117 dilecte
1057 1088 1087 1117 et
1117 1087 1223 1117 amice
1255 1083 1549 1117 confidentissime.
1596 1083 1631 1117 Si
1659 1095 1725 1118 non
1755 1088 1822 1118 oris
1851 1085 1961 1119 officio

95 1146 260 1191 proloqui.
299 1145 464 1179 mediante
500 1149 609 1178 tamen
639 1145 764 1178 cartula
798 1147 947 1190 presenti
981 1144 1159 1178 devocioni
1189 1149 1243 1177 tue
1273 1147 1431 1178 convenit
1460 1144 1567 1189 aliqua
1606 1147 1814 1190 scriptum-eg
1844 1157 1963 1179 verum

95 1217 170 1239 cum
199 1205 283 1251 apud
313 1217 374 1239 nos
404 1208 435 1239 in
470 1204 676 1251 Przybramo
705 1216 833 1238 moram
871 1205 1013 1249 aliquam
1043 1208 1218 1248 traxisses,
1253 1205 1396 1238 vIdimus
1425 1208 1580 1251 suspiria,
1621 1217 1684 1250 que
1723 1210 1754 1239 te
1789 1206 1965 1240 trahebant

96 1266 135 1299 ad
166 1268 359 1299 monasterii
389 1269 433 1299 tui
463 1270 568 1311 septa,
589 1265 644 1299 ubi
673 1270 792 1299 statum
822 1265 994 1310 religionis
1024 1269 1056 1298 et
1076 1264 1247 1299 familiaris
1276 1268 1325 1298 rei
1355 1276 1467 1298 curam
1502 1270 1647 1299 tractare
1676 1271 1775 1311 atque
1804 1266 1963 1300 florentes

95 1327 200 1360 odore
249 1329 365 1360 vineas
410 1326 656 1371 conspiceress]
695 1326 920 1370 frugalitatem
959 1328 1064 1359 eciam
1103 1325 1242 1359 uberum
1279 1328 1455 1359 aristarum
1491 1326 1662 1359 demetere
1701 1331 1731 1360 te
1777 1326 1962 1372 expediret.

96 1386 168 1421 Hec
202 1391 258 1420 tue
293 1386 444 1432 cure**)
482 1391 564 1430 erat.
612 1387 768 1420 sollercie
806 1386 869 1420 hec
906 1390 973 1429 tue.
1012 1386 1201 1431 placuitque
1238 1385 1334 1419 nohis
1369 1390 1401 1419 et
1438 1397 1517 1419 mox
1552 1389 1639 1420 votis
1678 1390 1740 1420 tuis
1775 1390 1964 1420 annuimus.

94 1450 247 1492 quamvis
282 1449 506 1480 intencionem
543 1451 630 1480 tuam
669 1458 750 1492 sepe
787 1446 1053 1480 obtrectaremus
1082 1446 1231 1480 dicentes
1267 1449 1375 1490 magis
1405 1446 1566 1492 expedire
1604 1447 1643 1480 ad
1683 1458 1893 1481 communem
1932 1452 1965 1480 tc

93 1512 214 1541 statum
243 1507 420 1541 consulere
441 1518 539 1552 quam
567 1507 759 1552 particulari
778 1506 894 1540 labore
923 1506 1086 1552 impediri.
1107 1509 1279 1551 potissime
1308 1509 1340 1539 in
1361 1511 1529 1540 conventu
1558 1511 1612 1540 tuo
1640 1507 1827 1541 confratres
1856 1510 1960 1541 nostri

94 1567 150 1601 filii
170 1570 215 1601 tui
242 1570 306 1601 viri
334 1567 581 1613 prudentissimi
602 1578 676 1600 cum
705 1566 902 1609 habeantur,
933 1569 987 1611 qui
1006 1569 1038 1600 in
1067 1566 1223 1600 absencia
1253 1571 1306 1600 tua
1327 1571 1446 1600 statum
1476 1570 1669 1601 monasterii
1688 1567 1809 1601 idonee
1836 1578 1959 1612 regere

93 1632 171 1661 tunc
200 1627 454 1673 valerent.***]
482 1627 562 1661 Ideo
591 1630 709 1660 iterata
738 1630 814 1661 vice
845 1627 940 1661 nobis
969 1627 1045 1660 licet
1073 1638 1216 1672 pennam
1245 1631 1401 1672 repetere
1430 1637 1497 1660 non
1526 1626 1747 1672 obiurgando.
1777 1628 1835 1661 sed
1866 1638 1960 1661 more

93 1690 240 1721 caritatis
277 1692 438 1721 consueto
477 1686 533 1721 tibi
571 1687 692 1732 aliquid
730 1687 941 1733 presentibus
978 1690 1142 1721 intimare.
1182 1686 1279 1721 Plura
1317 1687 1555 1729 scriberemus.
1594 1688 1651 1722 sed
1681 1691 1768 1721 inter
1805 1699 1959 1721 curarum

91 1747 248 1793 scopulos
276 1750 374 1792 positi
395 1751 453 1781 vix
482 1750 602 1781 mentis
631 1748 747 1781 oculos
766 1748 1005 1793 recolligimus.
1036 1752 1069 1780 ut
1099 1747 1229 1781 modica
1259 1747 1391 1793 quidem
1421 1751 1550 1781 caritati
1576 1752 1630 1781 tue
1658 1751 1806 1794 presenti
1836 1748 1962 1781 cartula

93 1811 302 1852 nunciemus7
332 1808 407 1853 quid
438 1819 539 1854 porro
569 1808 609 1842 de
639 1808 935 1854 contemplacionis
956 1813 988 1842 et
1016 1810 1164 1841 accionis
1194 1807 1305 1841 officio
1337 1811 1537 1842 senciamus.
1569 1808 1667 1842 Scire
1697 1813 1728 1842 te
1757 1809 1844 1842 licet.
1875 1808 1962 1853 quod

91 1871 123 1902 in
152 1871 299 1914 presenti
336 1873 487 1914 tempore
525 1868 700 1914 expediret·
736 1872 838 1902 vitam
868 1871 1012 1902 activam
1050 1868 1136 1902 bene
1164 1879 1299 1913 regere.
1312 1866 1347 1913 †]
1387 1873 1422 1902 ut
1448 1871 1517 1902 vita
1556 1869 1816 1915 contemplativa
1852 1869 1963 1902 valeat

92 1928 367 1974 conservari.††]
390 1956 396 1962 .
421 1956 427 1962 .
450 1956 456 1962 .
480 1956 486 1962 .
534 1929 570 1962 In
599 1929 662 1963 hiis
691 1933 826 1974 propter
864 1940 927 1974 que
957 1932 1064 1973 magis
1100 1928 1260 1974 expedire
1286 1929 1418 1962 videtur
1447 1928 1503 1963 tibi
1533 1932 1678 1963 activam
1706 1933 1808 1963 vitam
1838 1929 1962 1963 ducere

93 1989 226 2031 utiliter.
247 2000 345 2034 quam
366 1989 428 2023 hec
458 1994 523 2023 tam
543 1990 632 2023 utilia
654 1989 942 2034 contemplacione
967 1990 1144 2033 negligere
1163 1992 1310 2023 ociosus.
1347 1989 1526 2023 Praeterea
1557 1993 1728 2023 caritatem
1756 1994 1843 2024 tuam
1873 1993 1960 2023 scire

95 2049 263 2093 volumus.
293 2050 379 2095 quod
408 2061 469 2095 per
489 2050 541 2084 dei
570 2053 719 2095 graciam
742 2049 923 2083 secundum
953 2054 1100 2083 nostram
1125 2049 1326 2082 voluntatem
1356 2060 1430 2082 cum
1450 2049 1567 2083 illustri
1595 2053 1745 2096 principe
1766 2049 1959 2083 marchione

93 2108 248 2143 Moravie
285 2109 449 2155 Procopio
488 2110 779 2144 concordavimus.
836 2109 950 2143 Eciam
989 2113 1073 2143 sicut
1114 2120 1396 2155 proposueramus
1434 2113 1483 2143 ire
1521 2110 1738 2155 Ratisponam
1775 2111 1959 2155 legacionis

93 2170 247 2203 volentes
290 2175 404 2204 nostre
446 2182 611 2204 exercere
655 2169 892 2215 officiun1.†††‘)
939 2181 956 2203 a
994 2170 1184 2203 reverendo
1221 2170 1325 2204 fratre
1371 2173 1542 2216 episcopo,
1580 2171 1707 2204 decano
1746 2175 1777 2204 et
1812 2171 1954 2216 capitulo

94 2229 348 2276 Ratisponensis
377 2231 521 2265 ecclesie
550 2231 662 2265 literas
683 2231 868 2265 habuimus.
898 2230 953 2264 uhi
973 2230 1169 2275 supplicant.
1200 2230 1287 2275 quod
1307 2231 1348 2264 ad
1368 2235 1497 2276 tempus
1517 2231 1797 2276 supersedeamus
1823 2235 1959 2276 propter

93 2301 236 2335 guerras
271 2290 479 2324 Bavarorum
518 2296 549 2325 et
586 2296 723 2337 propter
752 2296 881 2336 tempus
911 2293 1028 2324 messis
1067 2290 1152 2335 quod
1182 2293 1343 2333 imminet.
1378 2295 1410 2324 et
1447 2290 1552 2324 breve
1591 2295 1719 2336 tempus
1748 2290 1832 2324 infra
1871 2291 1957 2335 quod

257 2421 287 2455 a·)
311 2422 476 2455 Ausgestr.:
501 2431 559 2449 seu.
590 2438 621 2440 —
656 2422 707 2456 ³³5)
732 2422 832 2455 Urspr.
857 2430 934 2447 cura.
970 2435 1005 2438 —
1039 2419 1110 2453 ÷÷t÷=.÷)
1134 2420 1216 2445 Tunc
1239 2420 1368 2445 valerent
1393 2420 1611 2446 [interstrichen.
1635 2429 1693 2445 was
1718 2422 1860 2447 inituuter.
1885 2421 1953 2446 aber

96 2473 177 2498 nieht
199 2472 305 2505 imme-r,
330 2473 381 2498 auf
401 2474 463 2498 eine
487 2472 640 2498 Correctur
663 2473 776 2499 deuter:
816 2472 878 2497 eine
903 2471 975 2497 Note
1008 2480 1052 2496 am
1076 2471 1176 2496 Raude
1208 2471 1245 2496 ist
1275 2480 1372 2505 wegen
1398 2471 1574 2505 Verletzung
1598 2472 1646 2497 des
1671 2472 1781 2497 Blattes
1806 2482 1859 2498 nur
1882 2473 1968 2503 noch,

95 2524 250 2550 theilweise
274 2524 420 2550 leserlich:
444 2533 501 2550 non
525 2528 620 2550 tamen
642 2525 680 2550 ist
697 2545 704 2551 .
719 2545 726 2551 .
741 2545 748 2551 .
763 2545 770 2551 .
785 2528 921 2557 tempore.
946 2537 988 2543 —
1018 2523 1048 2555 †)
1072 2522 1240 2556 Ausgestr.:
1266 2531 1360 2556 agere.
1386 2538 1424 2541 —
1456 2521 1509 2557 ††)
1536 2524 1594 2548 Der
1618 2523 1699 2548 Brief
1720 2524 1873 2549 verbreitet
1897 2524 1957 2550 sich

95 2584 154 2600 nun
179 2575 228 2601 des
252 2575 397 2601 Weiteren
421 2576 490 2601 iiber
521 2576 565 2602 die
588 2576 759 2602 Nachtheile
791 2575 839 2601 des
871 2574 1093 2600 beschaulicheu
1118 2574 1248 2602 Lebeus:
1295 2574 1331 2599 da
1363 2574 1407 2599 die
1439 2574 1689 2608 diesbeziiglicheu
1723 2575 1959 2609 umfangreichen

96 2627 308 2661 Ertirterungen
338 2627 404 2653 kein
434 2627 619 2653 historisehes
651 2628 792 2653 Interesse
822 2627 927 2652 bieten.
960 2626 1023 2651 sind
1054 2626 1093 2650 sie
1125 2626 1186 2651 hier
1216 2625 1463 2659 hinweggelassen
1497 2626 1621 2652 worden.
1659 2641 1697 2644 —
1734 2625 1809 2661 †††)
1843 2627 1960 2661 Urspiu:

98 2680 243 2712 tamquam
268 2678 389 2712 legatus,
414 2679 455 2704 Ex
479 2682 557 2706 tunc.
