<?xml version="1.0" encoding="UTF-8"?>
<!DOCTYPE html PUBLIC "-//W3C//DTD XHTML 1.0 Transitional//EN"
    "http://www.w3.org/TR/xhtml1/DTD/xhtml1-transitional.dtd">
<html xmlns="http://www.w3.org/1999/xhtml" xml:lang="en" lang="en">
 <head>
  <title>
</title>
<meta http-equiv="Content-Type" content="text/html;charset=utf-8" />
  <meta name='ocr-system' content='tesseract 3.04.00' />
  <meta name='ocr-capabilities' content='ocr_page ocr_carea ocr_par ocr_line ocrx_word'/>
</head>
<body>
  <div class='ocr_page' id='page_1' title='image "./codexdiplomaticu11morauoft_0565.png"; bbox 0 0 2336 3074; ppageno 0'>
   <div class='ocr_carea' id='block_1_1' title="bbox 1018 226 1085 260">
    <p class='ocr_par' dir='ltr' id='par_1_1' title="bbox 1018 226 1085 260">
     <span class='ocr_line' id='line_1_1' title="bbox 1018 226 1085 260; baseline 0.015 -1"><span class='ocrx_word' id='word_1_1' title='bbox 1018 226 1085 260; x_wconf 75' lang='lat'>541</span> 
     </span>
    </p>
   </div>
   <div class='ocr_carea' id='block_1_2' title="bbox 954 277 1155 280">
    <p class='ocr_par' dir='ltr' id='par_1_2' title="bbox 954 277 1155 280">
     <span class='ocr_line' id='line_1_2' title="bbox 954 277 1155 280; baseline 0 0"><span class='ocrx_word' id='word_1_2' title='bbox 954 277 1155 280; x_wconf 95' lang='lat' dir='ltr'> </span> 
     </span>
    </p>
   </div>
   <div class='ocr_carea' id='block_1_3' title="bbox 121 327 1988 1159">
    <p class='ocr_par' dir='ltr' id='par_1_3' title="bbox 121 327 1988 1159">
     <span class='ocr_line' id='line_1_3' title="bbox 126 327 1981 376; baseline 0.001 -15"><span class='ocrx_word' id='word_1_3' title='bbox 126 340 156 362; x_wconf 89' lang='lat' dir='ltr'>n.</span> <span class='ocrx_word' id='word_1_4' title='bbox 188 328 292 374; x_wconf 73' lang='lat'>281).</span> <span class='ocrx_word' id='word_1_5' title='bbox 328 350 369 351; x_wconf 26' lang='grc' dir='ltr'>’ἡ</span> <span class='ocrx_word' id='word_1_6' title='bbox 401 329 469 362; x_wconf 86' lang='lat' dir='ltr'>Nos</span> <span class='ocrx_word' id='word_1_7' title='bbox 499 340 581 362; x_wconf 79' lang='lat' dir='ltr'>vero</span> <span class='ocrx_word' id='word_1_8' title='bbox 602 327 759 362; x_wconf 70' lang='lat' dir='ltr'>Nic-olaus</span> <span class='ocrx_word' id='word_1_9' title='bbox 781 332 956 374; x_wconf 76' lang='lat' dir='ltr'>episeopus</span> <span class='ocrx_word' id='word_1_10' title='bbox 979 330 1211 364; x_wconf 83' lang='lat' dir='ltr'>Olomucensis</span> <span class='ocrx_word' id='word_1_11' title='bbox 1231 330 1428 376; x_wconf 76' lang='lat' dir='ltr'>supradietis</span> <span class='ocrx_word' id='word_1_12' title='bbox 1458 333 1559 376; x_wconf 83' lang='lat' dir='ltr'>ipsius</span> <span class='ocrx_word' id='word_1_13' title='bbox 1580 330 1788 376; x_wconf 70' lang='lat' dir='ltr'>petitionibus</span> <span class='ocrx_word' id='word_1_14' title='bbox 1818 335 1981 375; x_wconf 85' lang='lat' dir='ltr'>tamquam</span> 
     </span>
     <span class='ocr_line' id='line_1_4' title="bbox 121 389 1984 437; baseline 0.001 -14"><span class='ocrx_word' id='word_1_15' title='bbox 121 390 218 433; x_wconf 88' lang='lat' dir='ltr'>justis</span> <span class='ocrx_word' id='word_1_16' title='bbox 247 394 430 423; x_wconf 71' lang='lat' dir='ltr'>annuentes</span> <span class='ocrx_word' id='word_1_17' title='bbox 460 389 563 423; x_wconf 84' lang='lat' dir='ltr'>dictas</span> <span class='ocrx_word' id='word_1_18' title='bbox 593 389 717 423; x_wconf 83' lang='lat' dir='ltr'>litteras</span> <span class='ocrx_word' id='word_1_19' title='bbox 739 389 905 423; x_wconf 78' lang='lat' dir='ltr'>conscribi</span> <span class='ocrx_word' id='word_1_20' title='bbox 935 389 1073 424; x_wconf 75' lang='lat' dir='ltr'>fecimus</span> <span class='ocrx_word' id='word_1_21' title='bbox 1103 395 1133 424; x_wconf 83' lang='lat' dir='ltr'>et</span> <span class='ocrx_word' id='word_1_22' title='bbox 1164 402 1220 425; x_wconf 81' lang='lat' dir='ltr'>eas</span> <span class='ocrx_word' id='word_1_23' title='bbox 1250 402 1323 424; x_wconf 86' lang='lat' dir='ltr'>cuin</span> <span class='ocrx_word' id='word_1_24' title='bbox 1354 391 1569 435; x_wconf 69' lang='lat' dir='ltr'>originalibus</span> <span class='ocrx_word' id='word_1_25' title='bbox 1599 392 1777 424; x_wconf 81' lang='lat' dir='ltr'>auscultari</span> <span class='ocrx_word' id='word_1_26' title='bbox 1807 395 1904 436; x_wconf 82' lang='lat' dir='ltr'>atquc</span> <span class='ocrx_word' id='word_1_27' title='bbox 1926 402 1984 437; x_wconf 91' lang='lat' dir='ltr'>per</span> 
     </span>
     <span class='ocr_line' id='line_1_5' title="bbox 126 449 1985 497; baseline 0.002 -15"><span class='ocrx_word' id='word_1_28' title='bbox 126 449 334 483; x_wconf 89' lang='lat' dir='ltr'>collationem</span> <span class='ocrx_word' id='word_1_29' title='bbox 371 450 561 495; x_wconf 76' lang='lat' dir='ltr'>diligentem</span> <span class='ocrx_word' id='word_1_30' title='bbox 598 453 686 495; x_wconf 88' lang='lat' dir='ltr'>ipsas</span> <span class='ocrx_word' id='word_1_31' title='bbox 724 452 755 482; x_wconf 91' lang='lat' dir='ltr'>in</span> <span class='ocrx_word' id='word_1_32' title='bbox 794 451 931 494; x_wconf 82' lang='lat' dir='ltr'>singulis</span> <span class='ocrx_word' id='word_1_33' title='bbox 970 454 1097 496; x_wconf 82' lang='lat' dir='ltr'>punctis</span> <span class='ocrx_word' id='word_1_34' title='bbox 1136 454 1203 485; x_wconf 88' lang='lat' dir='ltr'>suis</span> <span class='ocrx_word' id='word_1_35' title='bbox 1238 457 1269 485; x_wconf 85' lang='lat' dir='ltr'>et</span> <span class='ocrx_word' id='word_1_36' title='bbox 1307 452 1461 486; x_wconf 77' lang='lat' dir='ltr'>clausulis</span> <span class='ocrx_word' id='word_1_37' title='bbox 1500 457 1531 485; x_wconf 87' lang='lat' dir='ltr'>et</span> <span class='ocrx_word' id='word_1_38' title='bbox 1560 452 1717 495; x_wconf 62' lang='lat' dir='ltr'>articulis,</span> <span class='ocrx_word' id='word_1_39' title='bbox 1748 457 1844 497; x_wconf 91' lang='lat' dir='ltr'>prout</span> <span class='ocrx_word' id='word_1_40' title='bbox 1877 454 1907 485; x_wconf 88' lang='lat' dir='ltr'>in</span> <span class='ocrx_word' id='word_1_41' title='bbox 1937 454 1985 485; x_wconf 87' lang='lat' dir='ltr'>eis</span> 
     </span>
     <span class='ocr_line' id='line_1_6' title="bbox 127 509 1982 556; baseline 0.002 -14"><span class='ocrx_word' id='word_1_42' title='bbox 127 514 378 555; x_wconf 68' lang='lat' dir='ltr'>expressanlur„</span> <span class='ocrx_word' id='word_1_43' title='bbox 408 514 521 555; x_wconf 84' lang='lat' dir='ltr'>gratas</span> <span class='ocrx_word' id='word_1_44' title='bbox 550 513 580 543; x_wconf 87' lang='lat' dir='ltr'>et</span> <span class='ocrx_word' id='word_1_45' title='bbox 611 514 699 543; x_wconf 85' lang='lat' dir='ltr'>ratas</span> <span class='ocrx_word' id='word_1_46' title='bbox 730 509 913 548; x_wconf 65' lang='lat' dir='ltr'>habuimus,</span> <span class='ocrx_word' id='word_1_47' title='bbox 944 516 1038 556; x_wconf 85' lang='lat' dir='ltr'>prout</span> <span class='ocrx_word' id='word_1_48' title='bbox 1069 512 1203 545; x_wconf 83' lang='lat' dir='ltr'>easdem</span> <span class='ocrx_word' id='word_1_49' title='bbox 1233 512 1272 545; x_wconf 84' lang='lat' dir='ltr'>(lc</span> <span class='ocrx_word' id='word_1_50' title='bbox 1302 517 1393 546; x_wconf 83' lang='lat' dir='ltr'>certa</span> <span class='ocrx_word' id='word_1_51' title='bbox 1424 517 1535 546; x_wconf 83' lang='lat' dir='ltr'>nostra</span> <span class='ocrx_word' id='word_1_52' title='bbox 1556 515 1692 546; x_wconf 85' lang='lat' dir='ltr'>scientia</span> <span class='ocrx_word' id='word_1_53' title='bbox 1724 512 1924 546; x_wconf 78' lang='lat' dir='ltr'>ratificamus</span> <span class='ocrx_word' id='word_1_54' title='bbox 1954 517 1982 545; x_wconf 80' lang='lat' dir='ltr'>et</span> 
     </span>
     <span class='ocr_line' id='line_1_7' title="bbox 126 571 1984 618; baseline 0.002 -15"><span class='ocrx_word' id='word_1_55' title='bbox 126 573 156 603; x_wconf 93' lang='lat' dir='ltr'>in</span> <span class='ocrx_word' id='word_1_56' title='bbox 187 571 238 603; x_wconf 87' lang='lat' dir='ltr'>dei</span> <span class='ocrx_word' id='word_1_57' title='bbox 268 574 399 604; x_wconf 85' lang='lat' dir='ltr'>nomine</span> <span class='ocrx_word' id='word_1_58' title='bbox 429 574 550 604; x_wconf 86' lang='lat' dir='ltr'>virtute</span> <span class='ocrx_word' id='word_1_59' title='bbox 579 573 789 616; x_wconf 65' lang='lat' dir='ltr'>praesentium</span> <span class='ocrx_word' id='word_1_60' title='bbox 819 571 1063 604; x_wconf 75' lang='lat' dir='ltr'>consti-mannis.</span> <span class='ocrx_word' id='word_1_61' title='bbox 1101 571 1271 605; x_wconf 84' lang='lat' dir='ltr'>Inl&#39;ormati</span> <span class='ocrx_word' id='word_1_62' title='bbox 1301 575 1397 605; x_wconf 82' lang='lat' dir='ltr'>eliani</span> <span class='ocrx_word' id='word_1_63' title='bbox 1429 573 1560 607; x_wconf 75' lang='lat' dir='ltr'>luimus.</span> <span class='ocrx_word' id='word_1_64' title='bbox 1591 573 1677 617; x_wconf 86' lang='lat' dir='ltr'>quod</span> <span class='ocrx_word' id='word_1_65' title='bbox 1706 576 1776 618; x_wconf 84' lang='lat' dir='ltr'>ipse</span> <span class='ocrx_word' id='word_1_66' title='bbox 1802 573 1984 606; x_wconf 69' lang='lat' dir='ltr'>advocatus</span> 
     </span>
     <span class='ocr_line' id='line_1_8' title="bbox 126 629 1984 678; baseline 0.002 -14"><span class='ocrx_word' id='word_1_67' title='bbox 126 630 240 664; x_wconf 85' lang='lat' dir='ltr'>diebus</span> <span class='ocrx_word' id='word_1_68' title='bbox 271 630 459 664; x_wconf 79' lang='lat' dir='ltr'>forensibus</span> <span class='ocrx_word' id='word_1_69' title='bbox 488 633 640 676; x_wconf 80' lang='lat' dir='ltr'>recipere</span> <span class='ocrx_word' id='word_1_70' title='bbox 670 629 768 663; x_wconf 88' lang='lat' dir='ltr'>debet</span> <span class='ocrx_word' id='word_1_71' title='bbox 805 641 902 663; x_wconf 87' lang='lat' dir='ltr'>unam</span> <span class='ocrx_word' id='word_1_72' title='bbox 933 642 1069 676; x_wconf 75' lang='lat' dir='ltr'>parvam</span> <span class='ocrx_word' id='word_1_73' title='bbox 1110 644 1296 666; x_wconf 83' lang='lat' dir='ltr'>mensuram</span> <span class='ocrx_word' id='word_1_74' title='bbox 1336 633 1412 667; x_wconf 82' lang='lat' dir='ltr'>salis</span> <span class='ocrx_word' id='word_1_75' title='bbox 1451 634 1617 667; x_wconf 75' lang='lat' dir='ltr'>valentem</span> <span class='ocrx_word' id='word_1_76' title='bbox 1656 638 1796 678; x_wconf 84' lang='lat' dir='ltr'>quatuor</span> <span class='ocrx_word' id='word_1_77' title='bbox 1830 634 1984 667; x_wconf 86' lang='lat' dir='ltr'>denarios</span> 
     </span>
     <span class='ocr_line' id='line_1_9' title="bbox 127 690 1985 739; baseline 0.002 -15"><span class='ocrx_word' id='word_1_78' title='bbox 127 690 243 734; x_wconf 60' lang='lat' dir='ltr'>bonos„</span> <span class='ocrx_word' id='word_1_79' title='bbox 274 691 360 736; x_wconf 82' lang='lat' dir='ltr'>quod</span> <span class='ocrx_word' id='word_1_80' title='bbox 391 690 593 724; x_wconf 80' lang='lat' dir='ltr'>niurktreelit</span> <span class='ocrx_word' id='word_1_81' title='bbox 624 693 655 724; x_wconf 91' lang='lat' dir='ltr'>in</span> <span class='ocrx_word' id='word_1_82' title='bbox 676 690 808 735; x_wconf 79' lang='lat' dir='ltr'>vulgari</span> <span class='ocrx_word' id='word_1_83' title='bbox 839 696 989 728; x_wconf 68' lang='lat' dir='ltr'>vocatur,</span> <span class='ocrx_word' id='word_1_84' title='bbox 1020 692 1200 725; x_wconf 85' lang='lat' dir='ltr'>secundum</span> <span class='ocrx_word' id='word_1_85' title='bbox 1232 693 1317 738; x_wconf 86' lang='lat' dir='ltr'>quod</span> <span class='ocrx_word' id='word_1_86' title='bbox 1347 693 1388 727; x_wconf 92' lang='lat' dir='ltr'>ibi</span> <span class='ocrx_word' id='word_1_87' title='bbox 1411 697 1500 739; x_wconf 87' lang='lat' dir='ltr'>prius</span> <span class='ocrx_word' id='word_1_88' title='bbox 1529 699 1698 727; x_wconf 78' lang='lat' dir='ltr'>servatum</span> <span class='ocrx_word' id='word_1_89' title='bbox 1729 705 1767 727; x_wconf 88' lang='lat' dir='ltr'>ac</span> <span class='ocrx_word' id='word_1_90' title='bbox 1796 697 1898 739; x_wconf 82' lang='lat' dir='ltr'>recipi</span> <span class='ocrx_word' id='word_1_91' title='bbox 1928 693 1985 727; x_wconf 90' lang='lat' dir='ltr'>fuit</span> 
     </span>
     <span class='ocr_line' id='line_1_10' title="bbox 128 750 1984 799; baseline 0.001 -14"><span class='ocrx_word' id='word_1_92' title='bbox 128 756 322 785; x_wconf 86' lang='lat' dir='ltr'>consuetum</span> <span class='ocrx_word' id='word_1_93' title='bbox 344 756 373 784; x_wconf 88' lang='lat' dir='ltr'>et</span> <span class='ocrx_word' id='word_1_94' title='bbox 404 763 469 785; x_wconf 89' lang='lat' dir='ltr'>non</span> <span class='ocrx_word' id='word_1_95' title='bbox 490 751 584 784; x_wconf 88' lang='lat' dir='ltr'>aliter</span> <span class='ocrx_word' id='word_1_96' title='bbox 613 750 653 784; x_wconf 87' lang='lat' dir='ltr'>ab</span> <span class='ocrx_word' id='word_1_97' title='bbox 683 753 828 796; x_wconf 81' lang='lat' dir='ltr'>antiquo.</span> <span class='ocrx_word' id='word_1_98' title='bbox 859 751 944 796; x_wconf 88' lang='lat' dir='ltr'>quod</span> <span class='ocrx_word' id='word_1_99' title='bbox 975 754 1071 785; x_wconf 84' lang='lat' dir='ltr'>ctiam</span> <span class='ocrx_word' id='word_1_100' title='bbox 1095 752 1154 786; x_wconf 91' lang='lat' dir='ltr'>sibi</span> <span class='ocrx_word' id='word_1_101' title='bbox 1185 757 1412 787; x_wconf 80' lang='lat' dir='ltr'>concessimus</span> <span class='ocrx_word' id='word_1_102' title='bbox 1442 759 1474 787; x_wconf 86' lang='lat' dir='ltr'>ct</span> <span class='ocrx_word' id='word_1_103' title='bbox 1495 754 1709 799; x_wconf 72' lang='lat' dir='ltr'>praescntibus</span> <span class='ocrx_word' id='word_1_104' title='bbox 1739 754 1984 788; x_wconf 83' lang='lat' dir='ltr'>conlirinannis.</span> 
     </span>
     <span class='ocr_line' id='line_1_11' title="bbox 130 811 1985 850; baseline 0.002 -6"><span class='ocrx_word' id='word_1_105' title='bbox 130 811 349 845; x_wconf 80' lang='lat' dir='ltr'>Praesentibus</span> <span class='ocrx_word' id='word_1_106' title='bbox 392 815 535 845; x_wconf 85' lang='lat' dir='ltr'>strenuis</span> <span class='ocrx_word' id='word_1_107' title='bbox 578 811 773 845; x_wconf 85' lang='lat' dir='ltr'>Bernhardo</span> <span class='ocrx_word' id='word_1_108' title='bbox 816 811 924 845; x_wconf 82' lang='lat' dir='ltr'>Hecbt</span> <span class='ocrx_word' id='word_1_109' title='bbox 966 812 1006 845; x_wconf 85' lang='lat' dir='ltr'>de</span> <span class='ocrx_word' id='word_1_110' title='bbox 1049 812 1322 847; x_wconf 79' lang='lat' dir='ltr'>Schuezendorss&#39;.</span> <span class='ocrx_word' id='word_1_111' title='bbox 1362 814 1536 847; x_wconf 86' lang='lat' dir='ltr'>Gerbardo</span> <span class='ocrx_word' id='word_1_112' title='bbox 1575 814 1615 848; x_wconf 88' lang='lat' dir='ltr'>de</span> <span class='ocrx_word' id='word_1_113' title='bbox 1652 814 1782 848; x_wconf 82' lang='lat' dir='ltr'>Meraw</span> <span class='ocrx_word' id='word_1_114' title='bbox 1820 814 1985 850; x_wconf 85' lang='lat' dir='ltr'>militibus.</span> 
     </span>
     <span class='ocr_line' id='line_1_12' title="bbox 129 871 1985 920; baseline 0.002 -15"><span class='ocrx_word' id='word_1_115' title='bbox 129 871 331 905; x_wconf 85' lang='lat' dir='ltr'>Chunczone</span> <span class='ocrx_word' id='word_1_116' title='bbox 369 872 410 905; x_wconf 87' lang='lat' dir='ltr'>de</span> <span class='ocrx_word' id='word_1_117' title='bbox 440 872 564 909; x_wconf 61' lang='lat' dir='ltr'>Smola‚</span> <span class='ocrx_word' id='word_1_118' title='bbox 594 871 722 905; x_wconf 87' lang='lat' dir='ltr'>Jodoco</span> <span class='ocrx_word' id='word_1_119' title='bbox 753 871 793 905; x_wconf 89' lang='lat' dir='ltr'>de</span> <span class='ocrx_word' id='word_1_120' title='bbox 822 871 1029 917; x_wconf 72' lang='lat' dir='ltr'>Woltt&#39;sherg</span> <span class='ocrx_word' id='word_1_121' title='bbox 1063 874 1270 913; x_wconf 64' lang='lat' dir='ltr'>marescallo„</span> <span class='ocrx_word' id='word_1_122' title='bbox 1300 874 1502 908; x_wconf 82' lang='lat' dir='ltr'>Henslieone</span> <span class='ocrx_word' id='word_1_123' title='bbox 1540 875 1580 908; x_wconf 87' lang='lat' dir='ltr'>de</span> <span class='ocrx_word' id='word_1_124' title='bbox 1610 874 1751 920; x_wconf 63' lang='lat' dir='ltr'>Repaw„</span> <span class='ocrx_word' id='word_1_125' title='bbox 1782 875 1985 909; x_wconf 86' lang='lat' dir='ltr'>Wenceslao</span> 
     </span>
     <span class='ocr_line' id='line_1_13' title="bbox 129 932 1983 980; baseline 0.002 -15"><span class='ocrx_word' id='word_1_126' title='bbox 129 933 323 977; x_wconf 83' lang='lat' dir='ltr'>provinciali</span> <span class='ocrx_word' id='word_1_127' title='bbox 354 935 385 966; x_wconf 91' lang='lat' dir='ltr'>in</span> <span class='ocrx_word' id='word_1_128' title='bbox 415 932 624 967; x_wconf 78' lang='lat' dir='ltr'>Czwittavia.</span> <span class='ocrx_word' id='word_1_129' title='bbox 664 932 835 978; x_wconf 89' lang='lat' dir='ltr'>Stephano</span> <span class='ocrx_word' id='word_1_130' title='bbox 865 932 998 967; x_wconf 76' lang='lat' dir='ltr'>Bavaro</span> <span class='ocrx_word' id='word_1_131' title='bbox 1037 938 1065 967; x_wconf 85' lang='lat' dir='ltr'>et</span> <span class='ocrx_word' id='word_1_132' title='bbox 1097 934 1166 966; x_wconf 83' lang='lat' dir='ltr'>aliis</span> <span class='ocrx_word' id='word_1_133' title='bbox 1205 945 1301 978; x_wconf 84' lang='lat' dir='ltr'>quam</span> <span class='ocrx_word' id='word_1_134' title='bbox 1340 934 1486 980; x_wconf 88' lang='lat' dir='ltr'>pluribus</span> <span class='ocrx_word' id='word_1_135' title='bbox 1516 938 1637 969; x_wconf 88' lang='lat' dir='ltr'>nostris</span> <span class='ocrx_word' id='word_1_136' title='bbox 1668 934 1817 969; x_wconf 80' lang='lat' dir='ltr'>fidelibus</span> <span class='ocrx_word' id='word_1_137' title='bbox 1847 936 1983 970; x_wconf 87' lang='lat' dir='ltr'>dilectis.</span> 
     </span>
     <span class='ocr_line' id='line_1_14' title="bbox 127 993 1987 1039; baseline 0.002 -13"><span class='ocrx_word' id='word_1_138' title='bbox 127 993 340 1027; x_wconf 83' lang='lat' dir='ltr'>Praesentium</span> <span class='ocrx_word' id='word_1_139' title='bbox 370 993 430 1027; x_wconf 92' lang='lat' dir='ltr'>sub</span> <span class='ocrx_word' id='word_1_140' title='bbox 460 1004 607 1039; x_wconf 88' lang='lat' dir='ltr'>appenso</span> <span class='ocrx_word' id='word_1_141' title='bbox 636 997 750 1027; x_wconf 89' lang='lat' dir='ltr'>nostro</span> <span class='ocrx_word' id='word_1_142' title='bbox 779 993 887 1038; x_wconf 89' lang='lat' dir='ltr'>sigillo</span> <span class='ocrx_word' id='word_1_143' title='bbox 918 997 1105 1028; x_wconf 87' lang='lat' dir='ltr'>testimonio</span> <span class='ocrx_word' id='word_1_144' title='bbox 1135 994 1327 1028; x_wconf 83' lang='lat' dir='ltr'>litterarum.</span> <span class='ocrx_word' id='word_1_145' title='bbox 1359 995 1477 1028; x_wconf 91' lang='lat' dir='ltr'>Datum</span> <span class='ocrx_word' id='word_1_146' title='bbox 1509 998 1540 1028; x_wconf 89' lang='lat' dir='ltr'>in</span> <span class='ocrx_word' id='word_1_147' title='bbox 1569 1000 1679 1029; x_wconf 83' lang='lat' dir='ltr'>castro</span> <span class='ocrx_word' id='word_1_148' title='bbox 1715 1000 1828 1029; x_wconf 86' lang='lat' dir='ltr'>nostro</span> <span class='ocrx_word' id='word_1_149' title='bbox 1856 996 1987 1030; x_wconf 82' lang='lat' dir='ltr'>Meraw</span> 
     </span>
     <span class='ocr_line' id='line_1_15' title="bbox 128 1053 1988 1101; baseline 0.002 -15"><span class='ocrx_word' id='word_1_150' title='bbox 128 1064 214 1087; x_wconf 89' lang='lat' dir='ltr'>anno</span> <span class='ocrx_word' id='word_1_151' title='bbox 235 1053 357 1087; x_wconf 88' lang='lat' dir='ltr'>domini</span> <span class='ocrx_word' id='word_1_152' title='bbox 378 1053 551 1087; x_wconf 89' lang='lat' dir='ltr'>millesimo</span> <span class='ocrx_word' id='word_1_153' title='bbox 582 1056 816 1087; x_wconf 83' lang='lat' dir='ltr'>trecentesimo</span> <span class='ocrx_word' id='word_1_154' title='bbox 837 1058 1069 1098; x_wconf 79' lang='lat' dir='ltr'>nonagesimo.</span> <span class='ocrx_word' id='word_1_155' title='bbox 1100 1054 1180 1088; x_wconf 83' lang='lat' dir='ltr'>feria</span> <span class='ocrx_word' id='word_1_156' title='bbox 1202 1057 1311 1100; x_wconf 82' lang='lat' dir='ltr'>quinta</span> <span class='ocrx_word' id='word_1_157' title='bbox 1334 1059 1485 1101; x_wconf 78' lang='lat' dir='ltr'>proxima</span> <span class='ocrx_word' id='word_1_158' title='bbox 1514 1059 1588 1101; x_wconf 85' lang='lat' dir='ltr'>post</span> <span class='ocrx_word' id='word_1_159' title='bbox 1608 1056 1692 1090; x_wconf 89' lang='lat' dir='ltr'>diem</span> <span class='ocrx_word' id='word_1_160' title='bbox 1715 1059 1820 1090; x_wconf 81' lang='lat' dir='ltr'>sancti</span> <span class='ocrx_word' id='word_1_161' title='bbox 1842 1056 1988 1090; x_wconf 71' lang='lat' dir='ltr'>Andreae</span> 
     </span>
     <span class='ocr_line' id='line_1_16' title="bbox 129 1114 446 1159; baseline 0 -12"><span class='ocrx_word' id='word_1_162' title='bbox 129 1114 268 1159; x_wconf 83' lang='lat' dir='ltr'>apostoli</span> <span class='ocrx_word' id='word_1_163' title='bbox 298 1114 446 1158; x_wconf 78' lang='lat' dir='ltr'>gloriosi.</span> 
     </span>
    </p>
   </div>
   <div class='ocr_carea' id='block_1_4' title="bbox 441 1193 1989 1229">
    <p class='ocr_par' dir='ltr' id='par_1_4' title="bbox 441 1193 1989 1229">
     <span class='ocr_line' id='line_1_17' title="bbox 441 1193 1989 1229; baseline 0.001 -11"><span class='ocrx_word' id='word_1_164' title='bbox 441 1193 512 1227; x_wconf 77' lang='lat' dir='ltr'>(Ans</span> <span class='ocrx_word' id='word_1_165' title='bbox 537 1193 614 1218; x_wconf 76' lang='lat' dir='ltr'>einer</span> <span class='ocrx_word' id='word_1_166' title='bbox 638 1201 688 1218; x_wconf 79' lang='lat' dir='ltr'>aus</span> <span class='ocrx_word' id='word_1_167' title='bbox 713 1194 775 1218; x_wconf 82' lang='lat' dir='ltr'>dein</span> <span class='ocrx_word' id='word_1_168' title='bbox 804 1194 849 1218; x_wconf 71' lang='lat' dir='ltr'>IS.</span> <span class='ocrx_word' id='word_1_169' title='bbox 873 1193 1067 1219; x_wconf 76' lang='lat' dir='ltr'>Julirliundert</span> <span class='ocrx_word' id='word_1_170' title='bbox 1093 1195 1285 1220; x_wconf 75' lang='lat' dir='ltr'>stzunmenden</span> <span class='ocrx_word' id='word_1_171' title='bbox 1318 1195 1551 1220; x_wconf 75' lang='lat' dir='ltr'>:ihscliriftlielwu</span> <span class='ocrx_word' id='word_1_172' title='bbox 1578 1196 1911 1229; x_wconf 61' lang='lat' dir='ltr'>privilegiensmnmlum:</span> <span class='ocrx_word' id='word_1_173' title='bbox 1941 1196 1989 1221; x_wconf 74' lang='lat' dir='ltr'>dei·</span> 
     </span>
    </p>
   </div>
   <div class='ocr_carea' id='block_1_5' title="bbox 542 1242 1932 1280">
    <p class='ocr_par' dir='ltr' id='par_1_5' title="bbox 542 1242 1932 1280">
     <span class='ocr_line' id='line_1_18' title="bbox 542 1242 1932 1280; baseline 0 -9"><span class='ocrx_word' id='word_1_174' title='bbox 542 1245 623 1271; x_wconf 73' lang='lat' dir='ltr'>Stadt</span> <span class='ocrx_word' id='word_1_175' title='bbox 649 1245 768 1270; x_wconf 69' lang='lat' dir='ltr'>Zwittau</span> <span class='ocrx_word' id='word_1_176' title='bbox 794 1245 821 1270; x_wconf 86' lang='lat' dir='ltr'>in</span> <span class='ocrx_word' id='word_1_177' title='bbox 847 1246 896 1271; x_wconf 89' lang='lat' dir='ltr'>der</span> <span class='ocrx_word' id='word_1_178' title='bbox 920 1242 1112 1271; x_wconf 59' lang='lat' dir='ltr'>Boi-ek&#39;sdien</span> <span class='ocrx_word' id='word_1_179' title='bbox 1137 1246 1302 1280; x_wconf 77' lang='lat' dir='ltr'>Sainmlung</span> <span class='ocrx_word' id='word_1_180' title='bbox 1327 1256 1352 1271; x_wconf 71' lang='lat' dir='ltr'>n,</span> <span class='ocrx_word' id='word_1_181' title='bbox 1381 1247 1481 1272; x_wconf 63' lang='lat'>121450</span> <span class='ocrx_word' id='word_1_182' title='bbox 1507 1247 1543 1271; x_wconf 84' lang='lat' dir='ltr'>im</span> <span class='ocrx_word' id='word_1_183' title='bbox 1569 1248 1655 1272; x_wconf 68' lang='lat' dir='ltr'>iniilnr.</span> <span class='ocrx_word' id='word_1_184' title='bbox 1681 1247 1932 1273; x_wconf 61' lang='lat' dir='ltr'>Lnuctesarct1iw.t</span> 
     </span>
    </p>
   </div>
   <div class='ocr_carea' id='block_1_6' title="bbox 1013 1365 1119 1400">
    <p class='ocr_par' dir='ltr' id='par_1_6' title="bbox 1013 1365 1119 1400">
     <span class='ocr_line' id='line_1_19' title="bbox 1013 1365 1119 1400; baseline -0.009 0"><span class='ocrx_word' id='word_1_185' title='bbox 1013 1365 1119 1400; x_wconf 71' lang='lat'>629.</span> 
     </span>
    </p>
   </div>
   <div class='ocr_carea' id='block_1_7' title="bbox 177 1467 1946 1572">
    <p class='ocr_par' dir='ltr' id='par_1_7' title="bbox 177 1467 1946 1572">
     <span class='ocr_line' id='line_1_20' title="bbox 177 1467 1946 1513; baseline 0.002 -13"><span class='ocrx_word' id='word_1_186' title='bbox 177 1467 279 1501; x_wconf 56' lang='lat' dir='ltr'>Jesseh·</span> <span class='ocrx_word' id='word_1_187' title='bbox 309 1468 420 1502; x_wconf 66' lang='lat' dir='ltr'>Il&#39;n&#39;zel</span> <span class='ocrx_word' id='word_1_188' title='bbox 448 1468 604 1506; x_wconf 62' lang='lat' dir='ltr'>belfetmt„</span> <span class='ocrx_word' id='word_1_189' title='bbox 634 1468 715 1502; x_wconf 80' lang='lat' dir='ltr'>dass</span> <span class='ocrx_word' id='word_1_190' title='bbox 744 1468 809 1501; x_wconf 69' lang='lat' dir='ltr'>ilem</span> <span class='ocrx_word' id='word_1_191' title='bbox 839 1468 1017 1502; x_wconf 68' lang='lat' dir='ltr'>Nih-olaus.</span> <span class='ocrx_word' id='word_1_192' title='bbox 1050 1468 1199 1513; x_wconf 64' lang='lat' dir='ltr'>Bis-eleos</span> <span class='ocrx_word' id='word_1_193' title='bbox 1224 1480 1284 1502; x_wconf 77' lang='lat' dir='ltr'>ron</span> <span class='ocrx_word' id='word_1_194' title='bbox 1318 1469 1461 1512; x_wconf 61' lang='lat' dir='ltr'>Ulmum,</span> <span class='ocrx_word' id='word_1_195' title='bbox 1491 1470 1552 1503; x_wconf 74' lang='lat' dir='ltr'>den</span> <span class='ocrx_word' id='word_1_196' title='bbox 1585 1471 1615 1503; x_wconf 75' lang='lat' dir='ltr'>in</span> <span class='ocrx_word' id='word_1_197' title='bbox 1646 1472 1771 1503; x_wconf 70' lang='lat' dir='ltr'>seiuem</span> <span class='ocrx_word' id='word_1_198' title='bbox 1802 1470 1946 1504; x_wconf 72' lang='lat' dir='ltr'>Dieuste</span> 
     </span>
     <span class='ocr_line' id='line_1_21' title="bbox 391 1528 1729 1572; baseline 0.002 -11"><span class='ocrx_word' id='word_1_199' title='bbox 391 1529 570 1562; x_wconf 77' lang='lat' dir='ltr'>erlitleuen</span> <span class='ocrx_word' id='word_1_200' title='bbox 601 1528 763 1562; x_wconf 76' lang='lat' dir='ltr'>Schaden</span> <span class='ocrx_word' id='word_1_201' title='bbox 792 1532 918 1562; x_wconf 50' lang='lat' dir='ltr'>ert-etz(</span> <span class='ocrx_word' id='word_1_202' title='bbox 946 1529 1044 1562; x_wconf 78' lang='lat' dir='ltr'>habe.</span> <span class='ocrx_word' id='word_1_203' title='bbox 1086 1529 1144 1562; x_wconf 80' lang='lat' dir='ltr'>Dt.</span> <span class='ocrx_word' id='word_1_204' title='bbox 1176 1529 1303 1572; x_wconf 64' lang='lat' dir='ltr'>Mirum,</span> <span class='ocrx_word' id='word_1_205' title='bbox 1335 1528 1366 1563; x_wconf 93' lang='lat'>1.</span> <span class='ocrx_word' id='word_1_206' title='bbox 1399 1530 1590 1563; x_wconf 76' lang='lat' dir='ltr'>December</span> <span class='ocrx_word' id='word_1_207' title='bbox 1620 1530 1729 1565; x_wconf 78' lang='lat'><strong><em>1390.</em></strong></span> 
     </span>
    </p>
   </div>
   <div class='ocr_carea' id='block_1_8' title="bbox 133 1577 1993 2127">
    <p class='ocr_par' dir='ltr' id='par_1_8' title="bbox 133 1577 1993 2127">
     <span class='ocr_line' id='line_1_22' title="bbox 288 1577 1989 1644; baseline 0.002 -13"><span class='ocrx_word' id='word_1_208' title='bbox 288 1577 382 1642; x_wconf 76' lang='lat' dir='ltr'>Ego</span> <span class='ocrx_word' id='word_1_209' title='bbox 421 1597 521 1632; x_wconf 80' lang='lat' dir='ltr'>Jeseo</span> <span class='ocrx_word' id='word_1_210' title='bbox 558 1597 662 1632; x_wconf 89' lang='lat' dir='ltr'>Kuzel</span> <span class='ocrx_word' id='word_1_211' title='bbox 700 1609 912 1643; x_wconf 80' lang='lat' dir='ltr'>recognosco</span> <span class='ocrx_word' id='word_1_212' title='bbox 951 1603 1067 1631; x_wconf 87' lang='lat' dir='ltr'>tenore</span> <span class='ocrx_word' id='word_1_213' title='bbox 1106 1602 1315 1644; x_wconf 88' lang='lat' dir='ltr'>presencium</span> <span class='ocrx_word' id='word_1_214' title='bbox 1355 1603 1532 1633; x_wconf 81' lang='lat' dir='ltr'>universis.</span> <span class='ocrx_word' id='word_1_215' title='bbox 1573 1599 1667 1641; x_wconf 82' lang='lat' dir='ltr'>Quod</span> <span class='ocrx_word' id='word_1_216' title='bbox 1708 1601 1916 1634; x_wconf 82' lang='lat' dir='ltr'>reverendus</span> <span class='ocrx_word' id='word_1_217' title='bbox 1959 1604 1989 1634; x_wconf 92' lang='lat' dir='ltr'>in</span> 
     </span>
     <span class='ocr_line' id='line_1_23' title="bbox 134 1657 1990 1706; baseline 0.002 -15"><span class='ocrx_word' id='word_1_218' title='bbox 134 1657 266 1691; x_wconf 85' lang='lat' dir='ltr'>Christo</span> <span class='ocrx_word' id='word_1_219' title='bbox 296 1662 389 1703; x_wconf 87' lang='lat' dir='ltr'>pater</span> <span class='ocrx_word' id='word_1_220' title='bbox 418 1658 569 1692; x_wconf 89' lang='lat' dir='ltr'>dominus</span> <span class='ocrx_word' id='word_1_221' title='bbox 599 1669 691 1692; x_wconf 86' lang='lat' dir='ltr'>meus</span> <span class='ocrx_word' id='word_1_222' title='bbox 731 1658 882 1692; x_wconf 86' lang='lat' dir='ltr'>dominus</span> <span class='ocrx_word' id='word_1_223' title='bbox 911 1658 1068 1692; x_wconf 67' lang='lat' dir='ltr'>Nicolaitis</span> <span class='ocrx_word' id='word_1_224' title='bbox 1106 1662 1282 1705; x_wconf 84' lang='lat' dir='ltr'>episcopus</span> <span class='ocrx_word' id='word_1_225' title='bbox 1321 1659 1552 1694; x_wconf 86' lang='lat' dir='ltr'>Olomucensis</span> <span class='ocrx_word' id='word_1_226' title='bbox 1592 1661 1689 1694; x_wconf 85' lang='lat' dir='ltr'>michi</span> <span class='ocrx_word' id='word_1_227' title='bbox 1728 1672 1788 1706; x_wconf 90' lang='lat' dir='ltr'>pro</span> <span class='ocrx_word' id='word_1_228' title='bbox 1827 1664 1990 1695; x_wconf 80' lang='lat' dir='ltr'>serviciis.</span> 
     </span>
     <span class='ocr_line' id='line_1_24' title="bbox 134 1717 1990 1767; baseline 0.002 -16"><span class='ocrx_word' id='word_1_229' title='bbox 134 1717 250 1762; x_wconf 88' lang='lat' dir='ltr'>quibus</span> <span class='ocrx_word' id='word_1_230' title='bbox 279 1718 340 1751; x_wconf 93' lang='lat' dir='ltr'>sibi</span> <span class='ocrx_word' id='word_1_231' title='bbox 370 1722 490 1752; x_wconf 83' lang='lat' dir='ltr'>serviri</span> <span class='ocrx_word' id='word_1_232' title='bbox 519 1723 551 1752; x_wconf 84' lang='lat' dir='ltr'>et</span> <span class='ocrx_word' id='word_1_233' title='bbox 578 1718 746 1752; x_wconf 79' lang='lat' dir='ltr'>laboribus</span> <span class='ocrx_word' id='word_1_234' title='bbox 775 1723 806 1752; x_wconf 88' lang='lat' dir='ltr'>et</span> <span class='ocrx_word' id='word_1_235' title='bbox 826 1719 987 1764; x_wconf 69' lang='lat' dir='ltr'>dampnis.</span> <span class='ocrx_word' id='word_1_236' title='bbox 1017 1730 1099 1764; x_wconf 87' lang='lat' dir='ltr'>quos</span> <span class='ocrx_word' id='word_1_237' title='bbox 1120 1724 1151 1753; x_wconf 89' lang='lat' dir='ltr'>et</span> <span class='ocrx_word' id='word_1_238' title='bbox 1172 1731 1235 1764; x_wconf 84' lang='lat' dir='ltr'>que</span> <span class='ocrx_word' id='word_1_239' title='bbox 1255 1720 1338 1765; x_wconf 85' lang='lat' dir='ltr'>apud</span> <span class='ocrx_word' id='word_1_240' title='bbox 1360 1731 1433 1753; x_wconf 89' lang='lat' dir='ltr'>eum</span> <span class='ocrx_word' id='word_1_241' title='bbox 1456 1720 1554 1754; x_wconf 82' lang='lat' dir='ltr'>habui</span> <span class='ocrx_word' id='word_1_242' title='bbox 1574 1725 1607 1754; x_wconf 93' lang='lat' dir='ltr'>et</span> <span class='ocrx_word' id='word_1_243' title='bbox 1626 1725 1749 1767; x_wconf 78' lang='lat' dir='ltr'>recepi.</span> <span class='ocrx_word' id='word_1_244' title='bbox 1780 1722 1990 1756; x_wconf 73' lang='lat' dir='ltr'>satisfecerit.</span> 
     </span>
     <span class='ocr_line' id='line_1_25' title="bbox 134 1778 1990 1827; baseline 0.002 -16"><span class='ocrx_word' id='word_1_245' title='bbox 134 1789 173 1811; x_wconf 83' lang='lat' dir='ltr'>ac</span> <span class='ocrx_word' id='word_1_246' title='bbox 202 1781 359 1824; x_wconf 74' lang='lat' dir='ltr'>precipue</span> <span class='ocrx_word' id='word_1_247' title='bbox 388 1790 448 1824; x_wconf 90' lang='lat' dir='ltr'>pro</span> <span class='ocrx_word' id='word_1_248' title='bbox 478 1778 605 1813; x_wconf 88' lang='lat' dir='ltr'>duobus</span> <span class='ocrx_word' id='word_1_249' title='bbox 634 1782 726 1824; x_wconf 89' lang='lat' dir='ltr'>equis</span> <span class='ocrx_word' id='word_1_250' title='bbox 756 1778 840 1824; x_wconf 87' lang='lat' dir='ltr'>apud</span> <span class='ocrx_word' id='word_1_251' title='bbox 871 1790 943 1812; x_wconf 87' lang='lat' dir='ltr'>eum</span> <span class='ocrx_word' id='word_1_252' title='bbox 975 1779 1149 1813; x_wconf 84' lang='lat' dir='ltr'>destructis</span> <span class='ocrx_word' id='word_1_253' title='bbox 1178 1783 1296 1824; x_wconf 79' lang='lat' dir='ltr'>viginti</span> <span class='ocrx_word' id='word_1_254' title='bbox 1325 1784 1392 1813; x_wconf 86' lang='lat' dir='ltr'>tres</span> <span class='ocrx_word' id='word_1_255' title='bbox 1413 1791 1542 1814; x_wconf 87' lang='lat' dir='ltr'>marcas</span> <span class='ocrx_word' id='word_1_256' title='bbox 1562 1792 1757 1825; x_wconf 86' lang='lat' dir='ltr'>grossorum</span> <span class='ocrx_word' id='word_1_257' title='bbox 1779 1785 1990 1827; x_wconf 79' lang='lat' dir='ltr'>pragensium</span> 
     </span>
     <span class='ocr_line' id='line_1_26' title="bbox 134 1840 1990 1887; baseline 0.002 -15"><span class='ocrx_word' id='word_1_258' title='bbox 134 1841 295 1872; x_wconf 73' lang='lat' dir='ltr'>moravici</span> <span class='ocrx_word' id='word_1_259' title='bbox 324 1842 453 1872; x_wconf 89' lang='lat' dir='ltr'>nmneri</span> <span class='ocrx_word' id='word_1_260' title='bbox 483 1844 514 1872; x_wconf 87' lang='lat' dir='ltr'>et</span> <span class='ocrx_word' id='word_1_261' title='bbox 542 1842 731 1885; x_wconf 86' lang='lat' dir='ltr'>pagamenti</span> <span class='ocrx_word' id='word_1_262' title='bbox 765 1842 794 1872; x_wconf 94' lang='lat' dir='ltr'>in</span> <span class='ocrx_word' id='word_1_263' title='bbox 824 1842 947 1884; x_wconf 87' lang='lat' dir='ltr'>paratis</span> <span class='ocrx_word' id='word_1_264' title='bbox 977 1842 1124 1884; x_wconf 86' lang='lat' dir='ltr'>pecuniis</span> <span class='ocrx_word' id='word_1_265' title='bbox 1154 1841 1298 1874; x_wconf 78' lang='lat' dir='ltr'>exsolvit</span> <span class='ocrx_word' id='word_1_266' title='bbox 1336 1840 1467 1873; x_wconf 84' lang='lat' dir='ltr'>tradidit</span> <span class='ocrx_word' id='word_1_267' title='bbox 1504 1844 1693 1875; x_wconf 82' lang='lat' dir='ltr'>numeravit</span> <span class='ocrx_word' id='word_1_268' title='bbox 1728 1846 1759 1875; x_wconf 91' lang='lat' dir='ltr'>et</span> <span class='ocrx_word' id='word_1_269' title='bbox 1797 1845 1990 1887; x_wconf 84' lang='lat' dir='ltr'>assignavit.</span> 
     </span>
     <span class='ocr_line' id='line_1_27' title="bbox 133 1898 1991 1946; baseline 0.002 -14"><span class='ocrx_word' id='word_1_270' title='bbox 133 1898 180 1932; x_wconf 81' lang='lat' dir='ltr'>lta</span> <span class='ocrx_word' id='word_1_271' title='bbox 210 1899 296 1944; x_wconf 85' lang='lat' dir='ltr'>quod</span> <span class='ocrx_word' id='word_1_272' title='bbox 327 1898 387 1932; x_wconf 91' lang='lat' dir='ltr'>sibi</span> <span class='ocrx_word' id='word_1_273' title='bbox 417 1902 592 1944; x_wconf 84' lang='lat' dir='ltr'>regraeior</span> <span class='ocrx_word' id='word_1_274' title='bbox 628 1904 659 1933; x_wconf 91' lang='lat' dir='ltr'>et</span> <span class='ocrx_word' id='word_1_275' title='bbox 688 1900 813 1933; x_wconf 86' lang='lat' dir='ltr'>dimitto</span> <span class='ocrx_word' id='word_1_276' title='bbox 843 1911 916 1933; x_wconf 87' lang='lat' dir='ltr'>eum</span> <span class='ocrx_word' id='word_1_277' title='bbox 947 1900 987 1933; x_wconf 89' lang='lat' dir='ltr'>de</span> <span class='ocrx_word' id='word_1_278' title='bbox 1016 1899 1167 1933; x_wconf 88' lang='lat' dir='ltr'>omnibus</span> <span class='ocrx_word' id='word_1_279' title='bbox 1188 1905 1219 1933; x_wconf 86' lang='lat' dir='ltr'>et</span> <span class='ocrx_word' id='word_1_280' title='bbox 1239 1901 1377 1944; x_wconf 85' lang='lat' dir='ltr'>singulis</span> <span class='ocrx_word' id='word_1_281' title='bbox 1406 1901 1603 1946; x_wconf 86' lang='lat' dir='ltr'>supradietis</span> <span class='ocrx_word' id='word_1_282' title='bbox 1623 1901 1762 1935; x_wconf 89' lang='lat' dir='ltr'>liberum</span> <span class='ocrx_word' id='word_1_283' title='bbox 1785 1907 1816 1935; x_wconf 91' lang='lat' dir='ltr'>et</span> <span class='ocrx_word' id='word_1_284' title='bbox 1836 1903 1991 1936; x_wconf 87' lang='lat' dir='ltr'>solutum.</span> 
     </span>
     <span class='ocr_line' id='line_1_28' title="bbox 135 1959 1992 2007; baseline 0.002 -15"><span class='ocrx_word' id='word_1_285' title='bbox 135 1962 217 1993; x_wconf 86' lang='lat' dir='ltr'>sicut</span> <span class='ocrx_word' id='word_1_286' title='bbox 248 1959 458 2005; x_wconf 83' lang='lat' dir='ltr'>presentibus</span> <span class='ocrx_word' id='word_1_287' title='bbox 487 1959 590 1993; x_wconf 87' lang='lat' dir='ltr'>literis</span> <span class='ocrx_word' id='word_1_288' title='bbox 620 1971 694 1993; x_wconf 84' lang='lat' dir='ltr'>eun]</span> <span class='ocrx_word' id='word_1_289' title='bbox 725 1963 814 2005; x_wconf 89' lang='lat' dir='ltr'>quito</span> <span class='ocrx_word' id='word_1_290' title='bbox 844 1964 876 1994; x_wconf 86' lang='lat' dir='ltr'>et</span> <span class='ocrx_word' id='word_1_291' title='bbox 905 1963 1040 2005; x_wconf 89' lang='lat' dir='ltr'>quittum</span> <span class='ocrx_word' id='word_1_292' title='bbox 1070 1964 1273 2006; x_wconf 87' lang='lat' dir='ltr'>pronunccio</span> <span class='ocrx_word' id='word_1_293' title='bbox 1303 1965 1334 1994; x_wconf 85' lang='lat' dir='ltr'>et</span> <span class='ocrx_word' id='word_1_294' title='bbox 1363 1961 1515 1994; x_wconf 90' lang='lat' dir='ltr'>solutum.</span> <span class='ocrx_word' id='word_1_295' title='bbox 1547 1961 1583 1995; x_wconf 91' lang='lat' dir='ltr'>In</span> <span class='ocrx_word' id='word_1_296' title='bbox 1609 1973 1748 2007; x_wconf 87' lang='lat' dir='ltr'>quorum</span> <span class='ocrx_word' id='word_1_297' title='bbox 1771 1965 1992 1997; x_wconf 87' lang='lat' dir='ltr'>testimonium</span> 
     </span>
     <span class='ocr_line' id='line_1_29' title="bbox 137 2019 1993 2066; baseline 0.003 -14"><span class='ocrx_word' id='word_1_298' title='bbox 137 2019 278 2063; x_wconf 85' lang='lat' dir='ltr'>sigillum</span> <span class='ocrx_word' id='word_1_299' title='bbox 310 2030 417 2053; x_wconf 80' lang='lat' dir='ltr'>meum</span> <span class='ocrx_word' id='word_1_300' title='bbox 456 2019 665 2065; x_wconf 85' lang='lat' dir='ltr'>presentibus</span> <span class='ocrx_word' id='word_1_301' title='bbox 699 2025 747 2054; x_wconf 89' lang='lat' dir='ltr'>est</span> <span class='ocrx_word' id='word_1_302' title='bbox 782 2031 974 2066; x_wconf 84' lang='lat' dir='ltr'>appensum.</span> <span class='ocrx_word' id='word_1_303' title='bbox 1016 2021 1134 2054; x_wconf 84' lang='lat' dir='ltr'>Datum</span> <span class='ocrx_word' id='word_1_304' title='bbox 1172 2024 1203 2054; x_wconf 94' lang='lat' dir='ltr'>in</span> <span class='ocrx_word' id='word_1_305' title='bbox 1243 2025 1352 2055; x_wconf 84' lang='lat' dir='ltr'>castro</span> <span class='ocrx_word' id='word_1_306' title='bbox 1390 2021 1520 2055; x_wconf 82' lang='lat' dir='ltr'>Meraw</span> <span class='ocrx_word' id='word_1_307' title='bbox 1556 2033 1642 2055; x_wconf 87' lang='lat' dir='ltr'>anno</span> <span class='ocrx_word' id='word_1_308' title='bbox 1680 2022 1802 2056; x_wconf 88' lang='lat' dir='ltr'>domini</span> <span class='ocrx_word' id='word_1_309' title='bbox 1839 2022 1993 2057; x_wconf 71' lang='lat' dir='ltr'><strong>MOGCO&#39;</strong></span> 
     </span>
     <span class='ocr_line' id='line_1_30' title="bbox 137 2080 1668 2127; baseline 0.002 -15"><span class='ocrx_word' id='word_1_310' title='bbox 137 2083 367 2124; x_wconf 64' lang='lat' dir='ltr'>nonagesimo.</span> <span class='ocrx_word' id='word_1_311' title='bbox 398 2080 480 2113; x_wconf 89' lang='lat' dir='ltr'>feria</span> <span class='ocrx_word' id='word_1_312' title='bbox 510 2083 620 2125; x_wconf 83' lang='lat' dir='ltr'>quinta</span> <span class='ocrx_word' id='word_1_313' title='bbox 650 2084 803 2126; x_wconf 79' lang='lat' dir='ltr'>proxima</span> <span class='ocrx_word' id='word_1_314' title='bbox 833 2086 906 2127; x_wconf 88' lang='lat' dir='ltr'>post</span> <span class='ocrx_word' id='word_1_315' title='bbox 935 2081 1020 2115; x_wconf 91' lang='lat' dir='ltr'>diem</span> <span class='ocrx_word' id='word_1_316' title='bbox 1051 2084 1155 2114; x_wconf 85' lang='lat' dir='ltr'>saneti</span> <span class='ocrx_word' id='word_1_317' title='bbox 1186 2081 1323 2115; x_wconf 77' lang='lat' dir='ltr'>Andree</span> <span class='ocrx_word' id='word_1_318' title='bbox 1351 2082 1490 2126; x_wconf 86' lang='lat' dir='ltr'>apostoli</span> <span class='ocrx_word' id='word_1_319' title='bbox 1519 2082 1668 2126; x_wconf 87' lang='lat' dir='ltr'>glori0si.</span> 
     </span>
    </p>
   </div>
   <div class='ocr_carea' id='block_1_9' title="bbox 449 2158 1404 2193">
    <p class='ocr_par' dir='ltr' id='par_1_9' title="bbox 449 2158 1404 2193">
     <span class='ocr_line' id='line_1_31' title="bbox 449 2158 1404 2193; baseline 0.001 -10"><span class='ocrx_word' id='word_1_320' title='bbox 449 2158 539 2192; x_wconf 67' lang='lat' dir='ltr'>(Orig.</span> <span class='ocrx_word' id='word_1_321' title='bbox 565 2159 645 2191; x_wconf 73' lang='lat' dir='ltr'>Perg.</span> <span class='ocrx_word' id='word_1_322' title='bbox 671 2159 696 2183; x_wconf 83' lang='lat' dir='ltr'>li.</span> <span class='ocrx_word' id='word_1_323' title='bbox 721 2161 777 2193; x_wconf 64' lang='lat' dir='ltr'>Sig.</span> <span class='ocrx_word' id='word_1_324' title='bbox 803 2160 838 2185; x_wconf 82' lang='grc' dir='ltr'>ἰιιι</span> <span class='ocrx_word' id='word_1_325' title='bbox 864 2160 1014 2185; x_wconf 72' lang='lat' dir='ltr'>fiirsterzli.</span> <span class='ocrx_word' id='word_1_326' title='bbox 1039 2160 1162 2185; x_wconf 68' lang='lat' dir='ltr'>Archiv(-</span> <span class='ocrx_word' id='word_1_327' title='bbox 1188 2160 1215 2183; x_wconf 79' lang='lat' dir='ltr'>in</span> <span class='ocrx_word' id='word_1_328' title='bbox 1240 2159 1404 2193; x_wconf 64' lang='lat' dir='ltr'>Krfflnsier.)</span> 
     </span>
    </p>
   </div>
   <div class='ocr_carea' id='block_1_10' title="bbox 1013 2279 1120 2314">
    <p class='ocr_par' dir='ltr' id='par_1_10' title="bbox 1013 2279 1120 2314">
     <span class='ocr_line' id='line_1_32' title="bbox 1013 2279 1120 2314; baseline 0 0"><span class='ocrx_word' id='word_1_329' title='bbox 1013 2279 1120 2314; x_wconf 78' lang='lat'><strong>63⁰.</strong></span> 
     </span>
    </p>
   </div>
   <div class='ocr_carea' id='block_1_11' title="bbox 139 2380 1992 2597">
    <p class='ocr_par' dir='ltr' id='par_1_11' title="bbox 139 2380 1992 2597">
     <span class='ocr_line' id='line_1_33' title="bbox 139 2380 1992 2426; baseline 0.003 -13"><span class='ocrx_word' id='word_1_330' title='bbox 139 2380 324 2424; x_wconf 67' lang='lat' dir='ltr'>[mlulyenz-</span> <span class='ocrx_word' id='word_1_331' title='bbox 366 2381 472 2415; x_wconf 80' lang='lat' dir='ltr'>Pabse</span> <span class='ocrx_word' id='word_1_332' title='bbox 511 2381 710 2426; x_wconf 66' lang='lat' dir='ltr'>Bomfate&#39;us</span> <span class='ocrx_word' id='word_1_333' title='bbox 739 2382 817 2425; x_wconf 55' lang='lat' dir='ltr'>IX„</span> <span class='ocrx_word' id='word_1_334' title='bbox 864 2383 967 2416; x_wconf 73' lang='lat' dir='ltr'>durch</span> <span class='ocrx_word' id='word_1_335' title='bbox 1005 2382 1130 2416; x_wconf 76' lang='lat' dir='ltr'>welche</span> <span class='ocrx_word' id='word_1_336' title='bbox 1167 2383 1220 2416; x_wconf 74' lang='lat' dir='ltr'>die</span> <span class='ocrx_word' id='word_1_337' title='bbox 1262 2383 1511 2417; x_wconf 75' lang='lat' dir='ltr'>Cisterz-e&#39;enser</span> <span class='ocrx_word' id='word_1_338' title='bbox 1550 2386 1580 2417; x_wconf 80' lang='grc' dir='ltr'><em>ιή</em></span> <span class='ocrx_word' id='word_1_339' title='bbox 1619 2384 1791 2418; x_wconf 60' lang='lat' dir='ltr'>telem-ad</span> <span class='ocrx_word' id='word_1_340' title='bbox 1829 2396 1890 2418; x_wconf 76' lang='lat' dir='ltr'>ron</span> <span class='ocrx_word' id='word_1_341' title='bbox 1921 2386 1992 2419; x_wconf 83' lang='lat' dir='ltr'>dem</span> 
     </span>
     <span class='ocr_line' id='line_1_34' title="bbox 139 2440 1991 2489; baseline 0.003 -16"><span class='ocrx_word' id='word_1_342' title='bbox 139 2440 297 2474; x_wconf 69' lang='lat' dir='ltr'>Besezche</span> <span class='ocrx_word' id='word_1_343' title='bbox 328 2443 493 2484; x_wconf 70' lang='lat' dir='ltr'>qewe&#39;sser</span> <span class='ocrx_word' id='word_1_344' title='bbox 523 2442 671 2476; x_wconf 68' lang='lat' dir='ltr'>Isirclzen</span> <span class='ocrx_word' id='word_1_345' title='bbox 702 2444 734 2475; x_wconf 82' lang='grc' dir='ltr'>ἱη</span> <span class='ocrx_word' id='word_1_346' title='bbox 765 2442 852 2477; x_wconf 83' lang='lat' dir='ltr'>Rom</span> <span class='ocrx_word' id='word_1_347' title='bbox 883 2455 943 2475; x_wconf 59' lang='lat' dir='ltr'>aar</span> <span class='ocrx_word' id='word_1_348' title='bbox 975 2442 1177 2486; x_wconf 70' lang='lat' dir='ltr'>Erlanyemq</span> <span class='ocrx_word' id='word_1_349' title='bbox 1206 2443 1264 2476; x_wconf 81' lang='lat' dir='ltr'>des</span> <span class='ocrx_word' id='word_1_350' title='bbox 1289 2445 1349 2487; x_wconf 79' lang='lat' dir='ltr'>fe&#39;lr</span> <span class='ocrx_word' id='word_1_351' title='bbox 1377 2444 1439 2477; x_wconf 82' lang='lat' dir='ltr'>das</span> <span class='ocrx_word' id='word_1_352' title='bbox 1468 2444 1557 2477; x_wconf 70' lang='lat' dir='ltr'>‚Jahr</span> <span class='ocrx_word' id='word_1_353' title='bbox 1589 2443 1688 2477; x_wconf 83' lang='lat'><em>1390</em></span> <span class='ocrx_word' id='word_1_354' title='bbox 1718 2445 1991 2489; x_wconf 66' lang='lat' dir='ltr'>ateyelfeirzde&#39;yten</span> 
     </span>
     <span class='ocr_line' id='line_1_35' title="bbox 203 2501 1927 2546; baseline 0.003 -13"><span class='ocrx_word' id='word_1_355' title='bbox 203 2501 371 2534; x_wconf 73' lang='lat' dir='ltr'>Abcasses</span> <span class='ocrx_word' id='word_1_356' title='bbox 401 2501 586 2546; x_wconf 74' lang='lat' dir='ltr'>dispelese&#39;rt</span> <span class='ocrx_word' id='word_1_357' title='bbox 615 2503 682 2536; x_wconf 76' lang='lat' dir='ltr'>und</span> <span class='ocrx_word' id='word_1_358' title='bbox 710 2502 808 2536; x_wconf 74' lang='lat' dir='ltr'>ilmen</span> <span class='ocrx_word' id='word_1_359' title='bbox 840 2502 1146 2546; x_wconf 68' lang='lat' dir='ltr'>Erleiclelerunyen</span> <span class='ocrx_word' id='word_1_360' title='bbox 1179 2514 1217 2536; x_wconf 65' lang='lat' dir='ltr'>zu</span> <span class='ocrx_word' id='word_1_361' title='bbox 1247 2504 1373 2536; x_wconf 75' lang='lat' dir='ltr'>diesem</span> <span class='ocrx_word' id='word_1_362' title='bbox 1403 2503 1545 2537; x_wconf 67' lang='lat' dir='ltr'>Zweelte</span> <span class='ocrx_word' id='word_1_363' title='bbox 1577 2505 1747 2538; x_wconf 72' lang='lat' dir='ltr'>rerlc&#39;elceu</span> <span class='ocrx_word' id='word_1_364' title='bbox 1781 2506 1927 2539; x_wconf 74' lang='lat' dir='ltr'>werden.</span> 
     </span>
     <span class='ocr_line' id='line_1_36' title="bbox 762 2562 1374 2597; baseline 0.002 -1"><span class='ocrx_word' id='word_1_365' title='bbox 762 2562 818 2596; x_wconf 85' lang='lat' dir='ltr'>Dt.</span> <span class='ocrx_word' id='word_1_366' title='bbox 850 2563 948 2596; x_wconf 84' lang='lat' dir='ltr'>Rom.</span> <span class='ocrx_word' id='word_1_367' title='bbox 979 2563 1012 2596; x_wconf 76' lang='lat'>2.</span> <span class='ocrx_word' id='word_1_368' title='bbox 1045 2562 1235 2596; x_wconf 75' lang='lat' dir='ltr'>December</span> <span class='ocrx_word' id='word_1_369' title='bbox 1266 2563 1374 2597; x_wconf 83' lang='lat'><em>1390.</em></span> 
     </span>
    </p>
   </div>
   <div class='ocr_carea' id='block_1_12' title="bbox 141 2611 1994 2737">
    <p class='ocr_par' dir='ltr' id='par_1_12' title="bbox 141 2611 1994 2737">
     <span class='ocr_line' id='line_1_37' title="bbox 299 2611 1993 2677; baseline 0.004 -14"><span class='ocrx_word' id='word_1_370' title='bbox 299 2611 509 2664; x_wconf 78' lang='lat' dir='ltr'>Bonifacius</span> <span class='ocrx_word' id='word_1_371' title='bbox 539 2633 716 2677; x_wconf 90' lang='lat' dir='ltr'>episcopus</span> <span class='ocrx_word' id='word_1_372' title='bbox 745 2643 864 2665; x_wconf 72' lang='lat' dir='ltr'>servus</span> <span class='ocrx_word' id='word_1_373' title='bbox 894 2642 1068 2664; x_wconf 77' lang='lat' dir='ltr'>servorum</span> <span class='ocrx_word' id='word_1_374' title='bbox 1099 2632 1151 2664; x_wconf 91' lang='lat' dir='ltr'>dei</span> <span class='ocrx_word' id='word_1_375' title='bbox 1180 2632 1307 2666; x_wconf 88' lang='lat' dir='ltr'>dilectis</span> <span class='ocrx_word' id='word_1_376' title='bbox 1337 2633 1408 2667; x_wconf 85' lang='lat' dir='ltr'>filiis</span> <span class='ocrx_word' id='word_1_377' title='bbox 1434 2633 1588 2667; x_wconf 82' lang='lat' dir='ltr'>Conrado</span> <span class='ocrx_word' id='word_1_378' title='bbox 1617 2633 1726 2668; x_wconf 85' lang='lat' dir='ltr'>abbati</span> <span class='ocrx_word' id='word_1_379' title='bbox 1755 2640 1787 2669; x_wconf 90' lang='lat' dir='ltr'>et</span> <span class='ocrx_word' id='word_1_380' title='bbox 1816 2641 1993 2670; x_wconf 67' lang='lat' dir='ltr'>conventui</span> 
     </span>
     <span class='ocr_line' id='line_1_38' title="bbox 141 2691 1994 2737; baseline 0.004 -14"><span class='ocrx_word' id='word_1_381' title='bbox 141 2702 179 2724; x_wconf 79' lang='lat' dir='ltr'>ac</span> <span class='ocrx_word' id='word_1_382' title='bbox 209 2693 350 2723; x_wconf 71' lang='lat' dir='ltr'>noviciis</span> <span class='ocrx_word' id='word_1_383' title='bbox 380 2694 410 2723; x_wconf 87' lang='lat' dir='ltr'>et</span> <span class='ocrx_word' id='word_1_384' title='bbox 440 2694 614 2724; x_wconf 84' lang='lat' dir='ltr'>conversis</span> <span class='ocrx_word' id='word_1_385' title='bbox 643 2694 836 2725; x_wconf 82' lang='lat' dir='ltr'>monasterii</span> <span class='ocrx_word' id='word_1_386' title='bbox 866 2694 896 2724; x_wconf 92' lang='lat' dir='ltr'>in</span> <span class='ocrx_word' id='word_1_387' title='bbox 926 2691 1121 2736; x_wconf 84' lang='lat' dir='ltr'>Welegrad.</span> <span class='ocrx_word' id='word_1_388' title='bbox 1163 2692 1394 2727; x_wconf 84' lang='lat' dir='ltr'>Cisterciensis</span> <span class='ocrx_word' id='word_1_389' title='bbox 1423 2694 1559 2737; x_wconf 69' lang='lat' dir='ltr'>ordinis„</span> <span class='ocrx_word' id='word_1_390' title='bbox 1591 2693 1822 2730; x_wconf 87' lang='lat' dir='ltr'>Olomucensis</span> <span class='ocrx_word' id='word_1_391' title='bbox 1853 2697 1994 2730; x_wconf 87' lang='lat' dir='ltr'>diocesis</span> 
     </span>
    </p>
   </div>
  </div>
 </body>
</html>
