2336 3074
972 205 1038 240 151

964 354 1064 389 165.

74 453 242 494 Marinus.
272 454 487 500 Erzbe‘sclzof
508 466 573 489 ron
596 455 764 499 Brindisi,
795 458 929 501 quitte'rt
957 457 1029 490 (lem
1056 456 1126 490 Abt
1155 457 1213 491 des
1242 457 1401 491 Islosters
1432 459 1557 499 Bruclr,
1588 461 1670 493 dass
1699 460 1857 495 dasselbe
1886 462 1940 495 (lie

354 515 550 559 pctbstlz'cke
578 515 706 549 Steuer
734 516 916 550 entrc‘chtet
943 517 1043 552 habe.
1081 517 1139 551 De.
1170 517 1259 551 Rom
1288 517 1324 551 3.
1360 518 1510 553 (Νι-[οὺεν
1540 519 1649 554 1379.

228 589 422 644 Universis
450 615 625 656 present-es
663 611 789 645 litteras
826 614 1026 657 inspecturis
1062 612 1211 646 Marinus
1250 615 1471 647 miseracione
1510 615 1619 648 divina
1659 615 1934 662 archiepiscopus

73 668 301 704 Brundusinus
331 670 453 704 domini
482 674 586 705 nostri
613 682 699 717 pape
737 675 941 706 camerarius
975 673 1114 706 salntem
1152 675 1184 706 in
1214 673 1359 707 domino.
1416 674 1633 708 Universitati
1673 681 1785 709 vestre
1823 681 1936 710 notum

74 729 225 773 facimus„
256 731 342 775 quod
372 742 445 764 cum
474 731 677 765 venerabilis
712 737 806 777 pater
844 732 995 766 dominus
1033 732 1137 766 frater
1172 733 1367 776 Zacharias.
1397 733 1500 767 abbas
1536 739 1728 769 monasterii
1766 736 1936 774 Lucensis.

75 794 391 836 premonstratensis
420 791 557 835 ordinis.
587 792 812 826 olomucensis
841 793 984 827 diocesis
1013 804 1051 827 se
1080 792 1283 838 obligaverit
1311 805 1445 827 camere
1466 796 1649 840 apostolice
1678 796 1717 829 ad
1739 796 1937 830 solvendum

72 853 133 896 ipsi
163 862 296 885 camere
326 863 384 885 sen
415 852 588 885 collectori
618 852 801 898 apostolico
830 855 862 886 in
890 852 1038 898 partibus
1061 853 1341 888 Olomucensibus
1362 854 1518 900 deputato
1539 856 1750 889 medietatem
1773 856 1936 890 fructuum

73 916 103 945 et
132 916 353 957 proventuum
390 915 485 946 unius
523 915 599 946 anni
637 924 697 946 seu
734 913 822 952 illud.
862 913 948 958 quod
985 914 1106 947 dictum
1145 917 1383 948 monasterium
1421 919 1567 948 taxatum
1606 919 1636 948 in
1674 916 1764 949 libris
1803 928 1937 950 camere

73 971 255 1016 apostolice
305 975 510 1018 reperiretur
556 977 588 1006 et
626 977 863 1007 monasterium
905 974 1070 1020 prefatum
1107 985 1174 1007 non
1211 978 1399 1020 reperiatur
1445 986 1553 1020 neque
1605 979 1745 1021 reperiri
1796 980 1939 1022 potuerit

72 1043 132 1077 per
168 1042 230 1066 nos
267 1044 326 1067 seu
364 1037 483 1077 gentes
521 1044 655 1067 camere
692 1034 858 1068 antedicte
901 1038 1061 1077 taxatum,
1100 1034 1278 1079 religiosus
1321 1038 1374 1069 vir
1414 1035 1518 1069 frater
1554 1035 1712 1069 Nicolaus
1757 1037 1938 1070 monachus

73 1092 150 1125 dicti
190 1096 383 1127 monasterii
426 1105 465 1127 ac
507 1094 697 1139 capellanus
740 1094 817 1128 dicti
859 1094 982 1128 domini
1025 1093 1152 1128 abbatis
1195 1099 1226 1128 et
1275 1100 1474 1140 procurator
1524 1098 1626 1141 ipsius
1674 1096 1714 1129 de
1761 1102 1792 1130 et
1839 1108 1939 1142 super

73 1151 245 1195 fructibus.
275 1153 456 1187 redditibus
485 1159 517 1187 et
545 1154 763 1199 proventibus
792 1155 949 1201 predictis
979 1166 1039 1189 seu
1068 1154 1246 1188 medietate
1275 1158 1409 1189 nomine
1439 1158 1541 1201 ipsius
1562 1156 1684 1189 domini
1705 1156 1833 1190 abbatis
1864 1168 1939 1190 cum

72 1212 227 1258 gentihus
257 1224 390 1247 camere
419 1213 581 1259 prelibate
611 1219 642 1248 et
678 1215 851 1249 nobiscum
881 1217 1069 1261 composuit
1098 1226 1158 1260 pro
1198 1215 1347 1249 ducentis
1386 1215 1521 1250 florenis
1559 1219 1630 1250 auri
1668 1216 1745 1250 boni
1782 1218 1939 1263 ponderis

73 1273 113 1307 de
143 1284 288 1307 camera.
320 1273 411 1314 Quos
441 1274 601 1309 ducentos
640 1275 786 1309 florenos
824 1275 973 1321 prefatus
1012 1275 1115 1309 frater
1152 1275 1311 1309 Nicolaus
1350 1279 1425 1310 vice
1464 1281 1496 1310 et
1531 1280 1665 1311 nomine
1701 1277 1776 1311 dicti
1816 1278 1939 1311 domini

73 1333 200 1368 abbatis
230 1345 273 1368 ex
302 1344 402 1367 causa
431 1338 689 1380 composicionis
719 1336 772 1369 die
802 1336 876 1369 date
906 1338 1118 1381 presencium
1148 1336 1302 1380 gentibus
1332 1348 1467 1370 camere
1488 1337 1654 1371 antedicte
1683 1338 1819 1371 realiter
1840 1339 1938 1372 solvit

73 1399 105 1428 et
132 1398 331 1429 numeravit.
362 1395 559 1440 Derquihus
595 1399 642 1430 sic
671 1396 786 1430 solutis
816 1401 848 1430 et
885 1396 926 1430 de
964 1396 1142 1430 medietate
1179 1396 1327 1441 predicta
1366 1399 1471 1442 ipsum
1510 1397 1677 1431 dominum
1715 1397 1868 1431 abbatem
1908 1403 1939 1432 et

72 1465 151 1489 suos
179 1454 323 1489 heredes
353 1467 570 1490 successores
600 1461 631 1489 et
660 1460 899 1490 monasterium
929 1460 1141 1502 presencium
1163 1461 1280 1490 tenore
1301 1460 1485 1502 quietamus
1507 1463 1538 1491 et
1558 1458 1748 1491 liberamus.
1780 1458 1938 1492 Preterea

73 1515 262 1548 reverendo
291 1519 375 1560 patri
406 1516 539 1549 domino
561 1544 567 1549 .
591 1543 597 1549 .
628 1516 821 1550 Maieriensi
851 1520 1009 1562 episcopo
1039 1519 1070 1549 in
1101 1516 1161 1550 illis
1199 1516 1347 1562 partibus
1376 1521 1497 1551 nuncio
1527 1523 1557 1551 et
1583 1518 1733 1552 collatori
1754 1519 1937 1564 apostolico

73 1579 105 1607 et
133 1577 204 1608 eius
232 1574 530 1609 subcollectoribus
560 1580 591 1609 et
620 1576 692 1609 aliis
722 1576 972 1621 quibuscunque
1000 1579 1212 1621 presencium
1233 1581 1349 1611 tenore
1379 1578 1585 1613 mandamus.
1607 1583 1768 1623 quatenus
1796 1579 1937 1612 eundem

73 1634 239 1668 dominum
270 1634 422 1668 abbatem
460 1636 515 1669 vel
551 1647 769 1670 successores
806 1648 885 1670 suos
923 1647 983 1670 seu
1021 1639 1259 1670 monasterium
1298 1648 1393 1671 suum
1431 1638 1596 1683 prefatum
1634 1642 1813 1672 occasione
1852 1639 1938 1672 dicte

73 1700 194 1729 annate
223 1707 283 1729 seu
312 1696 498 1729 medietatis
528 1696 688 1730 dictorum
720 1696 884 1730 fructuum
914 1697 955 1730 de
993 1701 1107 1730 cetero
1136 1707 1203 1730 non
1233 1697 1419 1731 molestent.
1477 1697 1513 1731 In
1543 1710 1684 1744 quorum
1714 1702 1936 1733 testimonium

72 1760 247 1801 presentes
276 1755 389 1789 literas
419 1755 490 1790 fieri
519 1756 659 1790 fecimus
688 1761 721 1789 et
749 1757 890 1801 sigillum
920 1759 1025 1791 nostri
1047 1760 1286 1791 camerariatus
1307 1757 1405 1791 officii
1427 1762 1632 1803 appensione
1653 1762 1783 1793 muniri.
1816 1759 1935 1793 Datum

73 1815 181 1849 Rome
211 1815 263 1849 die
291 1819 394 1850 tercia
425 1819 548 1850 mensis
579 1816 734 1850 Octobris
764 1828 850 1850 anno
879 1820 1060 1852 nativitatis
1090 1817 1213 1851 domini
1233 1818 1408 1852 millesimo
1430 1822 1666 1853 trecentesimo
1687 1822 1936 1865 septuagesimo

72 1886 174 1919 nono‚
203 1875 412 1922 pontificatus
441 1879 640 1910 sanctissimi
669 1880 700 1910 in
731 1876 863 1911 Christo
892 1881 994 1923 patris
1023 1882 1055 1912 et
1081 1878 1204 1912 domini
1233 1881 1338 1912 nostri
1366 1878 1489 1912 domini
1517 1878 1644 1913 Urbani
1674 1880 1785 1913 divina
1814 1883 1936 1925 provi-

74 1935 189 1969 dencia
219 1947 304 1982 pape
333 1939 420 1970 sexti
449 1947 536 1970 anno
565 1937 725 1971 secundo.

384 2014 475 2049 (Orig.
501 2016 582 2049 Perg.
606 2015 632 2040 h.
657 2015 714 2047 sig.
739 2016 858 2041 verletzt
882 2017 919 2041 im
944 2017 1033 2043 ma'hr.
1060 2017 1312 2051 Landesarchive.)

956 2161 974 2196 1
984 2160 1059 2196 66.

76 2261 183 2295 Pabst
214 2261 331 2296 Urban
369 2262 422 2297 VI.
453 2263 654 2308 beauftraqt
682 2264 744 2297 den
775 2263 926 2308 Bischof
948 2274 1011 2296 ¹ron
1042 2263 1228 2309 Leitomgjsl
1255 2267 1318 2298 etc.
1347 2267 1406 2309 fiir
1435 2265 1497 2298 den
1528 2265 1617 2308 Fall.
1648 2265 1729 2298 dass
1750 2265 1940 2309 ΔῚΙιιιἾῐιχςινιιῘ

75 2321 198 2363 Jodolc,
230 2322 291 2356 der
328 2321 513 2356 Stadtratk
540 2334 605 2357 eon
639 2323 771 2357 Olim'llz
806 2327 869 2358 etc.
903 2325 957 2357 die
989 2324 1162 2358 Olmzztzer
1200 2324 1330 2358 Kirclee
1365 2325 1569 2369 qesekc'iclz'yt·
1602 2325 1731 2367 hatten,
1761 2325 1936 2359 dieselben

334 2385 394 2416 mit
421 2384 494 2417 dem
523 2383 792 2418 Kircleenbamee
822 2396 861 2417 zu
891 2384 1042 2428 beleqen.
1082 2384 1140 2419 Dt.
1172 2384 1260 2418 Rom
1291 2385 1348 2418 15.
1384 2385 1534 2418 Olctober
1564 2384 1675 2419 1379.

231 2457 404 2512 Urbanus
434 2481 610 2524 episcopus
639 2491 760 2514 servus
789 2490 966 2514 servorum
997 2479 1048 2512 dei
1078 2478 1262 2513 venerabili
1283 2479 1376 2512 fratri
1399 2508 1404 2513 .
1428 2507 1435 2513 .
1466 2482 1624 2525 episcopo
1645 2479 1934 2526 Luthomysslensi

75 2540 108 2570 et
136 2536 263 2571 dilectis
292 2537 365 2571 filiis
387 2565 394 2572 .
417 2565 424 2572 .
455 2538 564 2572 abbati
594 2542 787 2573 monasterii
817 2539 994 2573 Scotorum
1034 2542 1064 2572 in
1094 2539 1253 2584 lVyenna
1282 2538 1491 2573 Pataviensis
1521 2539 1664 2573 diocesis
1694 2551 1732 2574 ac
1754 2567 1760 2573 .
1785 2567 1791 2573 .
1823 2540 1940 2573 archi-

75 2596 216 2630 diacono
244 2596 517 2632 VVratislaviensi
546 2599 685 2632 salutem
715 2604 746 2632 et
776 2600 992 2645 apostolicam
1012 2599 1299 2633 benediccionem.
1329 2599 1460 2633 Dudum
1481 2610 1541 2645 per
1561 2599 1666 2633 felicis
1687 2600 1938 2633 recordacionis

74 2655 245 2691 Urbanum
275 2668 393 2703 papam
422 2658 453 2691 V
481 2659 759 2704 predecessorem
788 2664 937 2694 nostrum
967 2665 1118 2705 accepto7
1149 2659 1236 2704 quod
1265 2659 1411 2693 nonnulli
1441 2659 1650 2693 diversarum
1670 2662 1818 2706 parcium
1839 2663 1937 2706 prin—
