2336 3074
987 197 1056 231 441

95 305 260 346 poterunt,
299 312 525 335 reservamus.
569 301 603 335 ln
634 304 727 335 cuius
762 306 875 335 nostre
915 301 1108 336 donacionis
1147 302 1248 335 rohur
1287 302 1410 335 lirinins
1443 301 1585 345 sigillum
1616 305 1763 335 nostrum
1794 300 1834 334 de
1863 305 1952 334 certa

94 366 205 395 nostra
235 364 380 395 sciencia
411 373 484 395 cum
515 362 631 405 sigillis
669 361 812 395 fidelium
851 366 1039 395 nostrorum
1070 362 1171 396 Ulrici
1201 363 1241 396 de
1271 362 1400 405 Duliaii,
1440 373 1499 407 pro
1530 366 1605 395 tnnc
1639 364 1812 407 pin-gravii
1850 363 1953 395 nostri

93 424 124 455 in
152 420 336 455 Pottenstat
364 426 396 455 et
425 421 561 455 Stiborii
591 422 631 455 de
660 421 907 468 lllarquartycz„
938 424 990 466 qni
1015 427 1089 455 sunt
1110 427 1211 457 testes
1231 427 1263 456 et
1284 422 1503 456 interfuerunt
1524 422 1610 455 dicte
1630 426 1743 455 nostre
1763 422 1952 458 donacioni„

93 481 303 527 presentibus
332 485 362 516 in
394 485 617 516 testimoninm
646 487 720 516 sunt
754 493 911 528 appensa.
952 482 1074 516 Actum
1105 488 1137 516 et
1165 486 1323 528 scriptum
1361 486 1390 516 in
1429 482 1611 517 l‘ottenstat
1639 485 1670 516 in
1704 486 1826 518 castrO.
1865 493 1952 515 anno

92 542 215 576 domini
246 543 419 577 millesimo
449 546 685 577 trecentesimo
715 546 943 588 octuagesimo
973 548 1105 581 octavoq
1136 543 1218 577 feria
1248 545 1358 588 quinta
1389 546 1418 576 in
1450 542 1534 577 festo
1564 547 1678 576 sancte
1707 541 1890 576 Elizabeth.

404 622 496 653 (orig.
524 623 603 653 Pei-g.
630 622 678 647 init
704 624 720 647 3
746 622 855 647 minden·
878 626 928 653 gut
951 622 1116 646 vrtialtvnen
1144 622 1168 645 li.
1193 621 1250 653 sig.
1277 621 1311 645 liii
1339 621 1461 646 Areliivv
1486 622 1534 646 der
1558 622 1639 646 Stzttlr
1664 622 1862 654 Bodvnstadi.)

973 766 1081 800 523.

93 868 283 913 Marlfqu
304 868 417 903 ,lodols
445 869 570 913 best-eil
598 870 660 903 den
685 870 1035 904 lsremherrenorden
1064 882 1128 903 ron
1150 869 1241 903 allen
1263 869 1424 902 Mauthen
1455 870 1522 902 und
1543 869 1711 913 Abgsaben
1738 871 1769 902 ίη
1793 869 1948 903 Malu-eu.

705 930 760 964 Dc.
795 930 896 973 Praffi
927 931 985 964 25.
1017 929 1209 963 November
1240 928 1348 963 1-388.

245 995 414 1050 Jodocus
444 1016 495 1049 dei
524 1020 631 1061 gratia
661 1017 809 1051 marchio
841 1022 873 1051 et
901 1018 1053 1051 dominns
1082 1016 1245 1051 Moravie.
1284 1017 1460 1051 Universis
1489 1019 1682 1062 capitanei&
1723 1016 1948 1062 burggraviis,

83 1076 263 1121 jndicibus,
304 1077 474 1111 telonariis
503 1082 533 1111 et
560 1079 679 1121 juratis
709 1081 891 1115 civitatum„
929 1077 1125 1124 oppidorum
1155 1082 1187 1111 et
1215 1077 1367 1111 villarum
1406 1088 1466 1123 per
1504 1081 1603 1110 totam
1642 1081 1763 1110 terram
1802 1082 1948 1111 nostram

92 1136 244 1171 Moravie
265 1140 448 1172 constitutis
478 1137 627 1172 fidelibus
656 1141 778 1172 nostris
807 1139 1016 1172 dilectionem
1046 1141 1195 1182 graciam
1225 1142 1256 1171 et
1285 1148 1383 1171 omne
1403 1137 1536 1171 bonum.
1567 1136 1699 1171 Fideles
1725 1137 1844 1171 dilecti.
1875 1137 1946 1171 Jam

93 1197 320 1243 multiplicatas
350 1198 462 1232 literas
492 1198 641 1233 dedimus
670 1203 801 1232 nostras
830 1199 996 1243 religiosis
1034 1201 1115 1232 viris
1153 1201 1313 1242 magistro
1350 1202 1382 1232 et
1419 1200 1598 1231 conventui
1637 1197 1806 1242 hospitalis
1843 1201 1948 1231 sancti

92 1257 262 1292 Francisci
291 1261 323 1291 in
352 1258 436 1304 pede
465 1261 573 1304 pontis
601 1258 793 1303 pragensis,
832 1260 956 1293 ordinis
985 1259 1226 1293 cruciferorum
1256 1270 1329 1292 cum
1359 1258 1465 1302 stella,
1504 1262 1538 1291 nt
1566 1257 1605 1291 ab
1635 1261 1722 1291 omni
1757 1258 1880 1292 telonio
1918 1263 1951 1292 et

91 1318 262 1352 solucione
291 1319 412 1352 telonei
437 1323 469 1352 et
497 1318 537 1353 ab
565 1319 636 1353 aliis
664 1319 916 1363 gravaminibus
945 1324 977 1352 et
1005 1319 1247 1365 impedimentis
1276 1318 1538 1364 quibuscumque
1567 1330 1641 1352 cum
1670 1321 1757 1352 vinis
1786 1330 1844 1353 seu
1870 1322 1948 1353 vino

91 1383 123 1412 et
150 1378 251 1413 rebus
281 1390 408 1423 eorum,
439 1390 664 1424 quascumque
694 1391 753 1424 per
781 1380 962 1425 predictam
993 1385 1114 1413 terram
1145 1384 1292 1413 nostram
1312 1379 1465 1413 Moravie
1491 1379 1658 1417 duxerint,
1689 1378 1782 1412 liberi
1807 1379 1949 1413 debeant

91 1450 166 1474 esse
203 1444 235 1473 et
271 1440 379 1473 soluti.
429 1439 496 1473 Sed
535 1442 609 1485 quia
648 1440 745 1485 aliqui
780 1442 810 1473 in
841 1445 1062 1486 contemptum
1094 1443 1197 1474 nostri
1227 1440 1369 1473 mandati
1399 1439 1507 1473 adhuc
1536 1440 1671 1473 eosdem
1702 1439 1887 1474 cruciferos
1917 1444 1949 1473 et

90 1503 235 1545 ipsorum
267 1505 422 1534 vectores
452 1505 484 1534 et
517 1503 655 1534 nuncios
684 1503 829 1534 nituntur
858 1501 1018 1546 impedire
1047 1504 1123 1534 vina
1153 1501 1278 1534 eisdem
1308 1504 1512 1534 arrestantes
1542 1505 1574 1533 et
1611 1500 1766 1534 telonium
1797 1500 1837 1533 al)
1867 1503 1946 1545 ipsis

90 1565 204 1593 contra
234 1561 346 1594 literas
375 1565 507 1594 nostras
537 1564 725 1605 exigentes.
760 1561 885 1594 idcirco
916 1561 1023 1595 adhuc
1061 1561 1208 1595 districte
1246 1561 1460 1606 precipiendo
1491 1561 1685 1594 mandamns
1714 1563 1879 1594 universis
1917 1565 1949 1593 et

89 1621 227 1666 singulis
256 1623 379 1655 nostris
412 1624 443 1654 in
472 1620 659 1654 civitatibus
689 1626 720 1654 et
749 1621 820 1655 aliis
848 1622 929 1655 locis
962 1633 1022 1667 per
1051 1626 1150 1655 totam
1180 1626 1303 1655 terram
1332 1620 1484 1655 Moravie
1513 1625 1545 1654 et
1573 1620 1763 1666 specialiter
1791 1620 1887 1655 vobis
1916 1624 1947 1654 in

90 1680 215 1725 {glavia
246 1684 443 1724 constitutis,
479 1686 593 1715 nostre
626 1684 741 1726 gracie
777 1682 836 1715 sub
875 1682 1022 1719 obtentin
1061 1687 1222 1727 quatenus
1260 1686 1335 1715 ante
1374 1684 1483 1714 onmia
1522 1681 1634 1715 literas
1671 1685 1802 1715 nostras
1841 1683 1947 1725 magis

89 1743 259 1787 respicere
289 1746 321 1775 et
350 1742 528 1776 advertere
558 1741 717 1783 debeatisq
747 1746 779 1775 et
807 1745 918 1788 ntique
947 1742 1055 1776 adhuc
1084 1742 1231 1788 prefatos
1260 1741 1445 1775 cruciferos
1475 1745 1507 1775 et
1535 1744 1681 1787 ipsorum
1713 1744 1851 1775 nuncios
1871 1752 1943 1774 cnm

90 1805 175 1835 vinis
204 1806 237 1836 et
264 1805 431 1836 universis
452 1813 566 1835 eorum
593 1802 692 1836 rebus
722 1805 825 1836 tocies
854 1806 990 1848 quocies
1010 1814 1070 1849 pro
1090 1806 1237 1848 ipsorum
1259 1804 1459 1836 necessitate
1479 1801 1652 1841 ducentur,
1682 1801 1785 1835 libere
1806 1804 1948 1835 transire

89 1862 214 1908 absque
244 1862 376 1896 teloneo
401 1865 619 1908 perniittatis3
648 1863 728 1896 alias
749 1866 946 1909 quicumque
966 1867 1088 1898 nostris
1109 1863 1201 1897 hisce
1221 1874 1287 1897 non
1307 1865 1454 1909 paruerit
1474 1862 1635 1896 mandatis
1657 1867 1688 1896 et
1708 1864 1947 1908 presumpserit

89 1923 224 1957 eosdem
255 1922 440 1957 cruciferos
470 1923 523 1956 vel
553 1934 667 1956 eorum
696 1926 835 1957 nuncios
864 1926 926 1957 iam
957 1924 1093 1958 ulterius
1122 1923 1295 1969 impedire,
1332 1923 1486 1957 volumus
1521 1923 1662 1956 eundem
1692 1923 1800 1956 taliter
1829 1925 1946 1968 punire

88 1988 152 2016 tam
181 1986 213 2016 in
242 1994 396 2029 corpore.
436 1994 532 2028 quam
563 1986 593 2017 in
623 1983 734 2027 rebus,
772 1984 859 2029 quod
888 1987 991 2018 ceteri
1021 1984 1173 2018 mandata
1202 1988 1315 2017 nostra
1345 1983 1483 2028 amplius
1517 1982 1687 2016 efficacius
1725 1986 1944 2027 exequentur.

88 2043 300 2078 Presencium
339 2048 453 2077 nostro
489 2043 548 2077 sub
583 2055 744 2089 appresso
782 2044 890 2089 sigillo
928 2047 1115 2078 testimonio
1154 2044 1335 2077 literarum.
1392 2043 1512 2077 Datum
1550 2043 1602 2077 die
1640 2054 1666 2076 s.
1707 2042 1884 2076 Catharine
1915 2045 1946 2074 in

88 2104 194 2148 Praga
225 2115 311 2138 anno
342 2104 464 2137 domini
494 2104 667 2137 millesimo
697 2107 932 2138 trecentesimo
962 2107 1192 2149 octuagesimo
1221 2108 1353 2137 octavo.

398 2183 474 2220 (Das
499 2183 626 2213 original
653 2183 687 2207 ini
714 2183 836 2208 Archivc·
861 2184 909 2208 dei·
934 2184 1135 2215 Poltenbergm·
1161 2183 1312 2210 Pi·0bstei.i

967 2327 1074 2363 524.

88 2430 164 2464 Das
194 2430 335 2464 Klostei·
367 2431 530 2465 oslawan
561 2431 770 2477 cerpflae'elelet
798 2431 871 2464 sic-la
896 2433 956 2475 feli·
984 2431 1048 2464 den
1077 2430 1224 2474 Pfarrer
1253 2432 1286 2463 in
1320 2429 1538 2470 'I'reslsou-c't3,
1576 2428 1853 2467 Bartholomeus„
1889 2429 1943 2462 εἰη

427 2492 715 2526 Annii-ersarium
744 2491 962 2525 abzuhalten.
996 2490 1052 2524 Dt.
1084 2491 1117 2524 2.
1151 2489 1341 2523 Dezember
1372 2488 1480 2522 1388.
1512 2501 1539 2522 s.
1571 2489 1593 2523 ί.

243 2567 330 2621 lxos
350 2586 470 2632 Agnes
492 2614 498 2620 .
522 2615 528 2621 .
551 2587 729 2625 abbatissaq
758 2586 929 2621 Dorothea
954 2589 1124 2631 priorissa.
1156 2584 1325 2618 Elizabeth
1355 2584 1590 2631 subpriorissa.
1621 2584 1738 2628 Agnes
1770 2584 1943 2617 celleraria

87 2650 239 2691 totusque
268 2651 455 2681 conventus
484 2650 676 2682 monasterii
696 2647 800 2681 Vallis
820 2651 934 2681 sancte
953 2645 1059 2680 Marie
1080 2649 1112 2679 in
1133 2645 1230 2679 Ossia
1251 2649 1362 2678 notum
1384 2644 1522 2679 facimus
1543 2647 1708 2678 universis
1734 2646 1943 2689 presencium

1739 2712 1771 2735 55
