2336 3074
1236 218 1310 252 ‘2152

341 331 482 362 ercli-su·
513 331 616 360 >aucti
649 327 797 360 Mutii-icti
838 325 1115 358 t'lii·euiisi1·eusis
1153 327 1418 369 incorporamus.
1458 325 1600 359 unimus.
1632 325 1888 358 invisceraums„
1927 322 2137 367 adiungimus
2176 326 2208 356 et

339 400 601 435 appi-opriaiiiiis.
634 387 785 419 xolcutes
816 389 884 430 ipsa
916 384 1014 419 bona.
1045 396 1178 417 census.
1202 384 1349 417 redditus
1378 388 1408 416 et
1439 388 1623 429 proventus
1645 386 1675 417 in
1701 385 1768 427 jus.
1787 383 1972 416 libertatem
2004 388 2035 416 et,
2056 387 2205 416 naturam

340 453 480 482 transire
510 448 649 480 ‹lelwaut
683 446 844 479 bonorum
875 446 1195 479 ecclesiastirarum.
1226 447 1267 477 ita
1297 445 1384 490 quod
1415 445 1617 491 peramplius
1646 456 1706 490 per
1735 455 1912 477 censuram
1943 444 2206 478 ecelesiasticam

340 513 428 546 exigi
461 509 589 541 valeant
622 512 650 539 et
684 510 818 551 requiri.
853 505 967 551 anue
997 509 1106 539 omnia
1137 510 1166 538 et
1197 506 1326 546 singula
1359 508 1522 551 premissa
1553 507 1583 538 in
1604 504 1757 538 munibus
1787 507 1854 538 suis
1875 507 2017 550 punctis.
2039 504 2207 540 clausulis.

341 570 444 603 modis
475 574 502 601 et
536 567 798 601 condicionibus.
830 572 923 612 prout
955 571 1198 613 expiwssautur
1235 569 1401 612 superius.
1440 565 1691 611 approbamus„
1714 565 1898 601 laudamus.
1938 565 2139 599 ratificamus
2177 569 2209 598 ct

340 642 381 663 «rx
413 634 502 662 certa
534 634 646 661 nostra
677 631 822 661 sciencia
853 631 1050 661 auctoritate
1080 627 1247 660 ordinaria
1284 626 1530 660 emilii-mamus.
1580 626 1794 660 l'resencium
1825 625 1884 659 sub
1914 637 2063 672 appenso
2093 630 2208 660 nostro

341 693 455 723 iuniori
486 689 595 733 sigillo
627 691 815 722 testimonio
846 689 1027 721 literarum.
1061 688 1179 721 Datum
1211 691 1241 720 iu
1272 692 1382 721 castro
1413 691 1528 721 nostro
1549 686 1697 721 Medricz
1728 687 1810 720 seria
1832 690 1943 732 quinta
1964 686 2049 720 inl'ra
2070 691 2209 721 octavas

341 762 453 796 pasce.
484 749 544 783 sub
574 761 660 782 aimo
691 749 814 782 domiui
845 749 1019 782 millesimo
1050 751 1288 782 trecentesimo
1318 750 1550 792 octuagesimo
1581 751 1696 781 tereio.

652 837 742 869 gttriff-r.
770 837 851 868 Pom.
878 837 905 862 li.
932 837 990 868 sig.
1019 837 1053 861 ini
1080 836 1230 861 stirsterzb.
1257 836 1380 861 Art-iiive
1406 836 1432 860 in
1459 835 1625 869 Krenisier.)

1222 1032 1331 1068 291.

348 1138 491 1172 Her-Ilm.
528 1133 683 1171 „lbli'ssiie
724 1139 782 1171 des
822 1137 1135 1181 lt'o'niyinhloslers.
1164 1136 1235 1180 (sibl
1275 1137 1338 1170 den
1378 1136 1594 1170 Beli-olmera
1631 1137 1692 1169 der
1730 1135 1834 1169 Stadt
1870 1136 2015 1180 Anspitz-
2044 1139 2107 1170 etc.
2148 1136 2211 1169 das

760 1201 850 1243 freie.
883 1198 1191 1241 'I‘eslt'r2111513r00ht.
1252 1197 1308 1231 Dt.
1344 1196 1400 1230 12.
1431 1197 1535 1241 April
1566 1196 1674 1231 1383.
1706 1210 1731 1230 s,
1763 1197 1783 1230 l.

496 1283 584 1336 Ros
614 1302 736 1336 Bertlia
768 1305 990 1335 miseracione
1011 1302 1122 1335 divina
1153 1301 1333 1336 abbatissa.
1356 1301 1474 1346 Agnes
1504 1304 1676 1347 priorissa,
1705 1301 1810 1336 Maria
1841 1304 2076 1347 suppriorissa,
2107 1301 2210 1335 Svata

340 1364 473 1397 cellaria
504 1368 658 1408 totusque
688 1367 875 1396 conventus
897 1365 1090 1396 monasterii
1114 1363 1221 1396 Aulae
1250 1366 1387 1396 sauctae
1415 1361 1543 1396 Mariae
1572 1365 1603 1395 in
1634 1363 1778 1407 Antiqua
1809 1361 1955 1400 Brunnzu
1986 1364 2212 1396 cisterciensis

340 1425 475 1457 ordinis.
516 1424 740 1457 olomucensis
774 1423 930 1457 diocesis.
968 1423 1185 1468 prudentibus
1217 1423 1321 1466 judici
1351 1427 1383 1455 et
1407 1424 1527 1467 juratis
1556 1422 1685 1456 civibus
1724 1422 1833 1468 oppidi
1868 1425 1971 1456 nostri
2016 1422 2212 1468 Hustopetz‚

340 1484 456 1518 ineolis
486 1487 583 1517 etiam
623 1484 774 1517 villarum
805 1483 976 1518 Bemdorf.
1008 1483 1152 1517 Sterbitz
1191 1488 1221 1516 et
1252 1482 1419 1517 Starobitz
1449 1486 1574 1528 totique
1602 1485 1811 1517 universitati
1851 1482 2019 1516 hominum
2049 1482 2213 1516 bonorum

342 1545 537 1578 eorundem.
568 1548 689 1578 nostris
715 1544 864 1578 fidelibus
893 1547 1035 1589 gratiam
1056 1549 1205 1578 nostram
1226 1549 1258 1578 et
1278 1555 1377 1577 omne
1396 1543 1530 1577 bonum.
1553 1543 1682 1585 Quanta
1703 1546 1744 1577 sit
1773 1543 1848 1577 fidei
1869 1548 2005 1577 vest-rae
2026 1546 2214 1586 sinceritas⁷

341 1617 403 1650 qua
434 1617 516 1643 erga
551 1616 612 1639 nos
642 1610 670 1638 et
701 1610 850 1639 nostrum
882 1608 1119 1638 monasterium
1150 1610 1303 1651 prompta
1333 1616 1467 1650 semper
1496 1607 1615 1638 mentis
1654 1604 1826 1638 alacritate
1849 1632 2010 1638 ......
2031 1603 2215 1638 verborum

341 1670 537 1710 argumenta
567 1677 632 1699 non
654 1669 875 1711 requiramus
906 1677 979 1699 eum
1007 1666 1144 1699 effeetus
1174 1669 1286 1711 operis
1315 1665 1400 1699 dicta
1430 1665 1683 1711 preponderans
1713 1676 1826 1699 eoram
1857 1664 1952 1699 nobis
1982 1668 2215 1711 experimento

341 1726 494 1759 dilucidat
525 1731 554 1759 et
585 1729 866 1760 conscientiarum
888 1731 1076 1760 nostrarum
1106 1726 1273 1772 professio
1294 1729 1386 1760 testis
1416 1725 1619 1771 quantalibet
1639 1725 1864 1771 disposicione
1893 1726 2075 1760 solemnior
2104 1728 2214 1758 inter-

342 1787 449 1832 pellat.
482 1787 614 1820 Scimus
635 1790 769 1831 etenim,
790 1790 890 1820 imino
907 1789 977 1831 Jam
1007 1787 1115 1820 indice
1137 1787 1224 1820 facto
1254 1787 1482 1832 probavimus.
1505 1787 1646 1832 qualiter
1665 1791 1802 1820 vestrae
1828 1786 2017 1820 devotionis
2037 1788 2212 1831 integritas

341 1851 489 1892 paratam
520 1850 675 1881 continue
705 1859 741 1881 se
771 1851 893 1881 nostris
923 1847 1092 1893 obsequiis
1120 1852 1321 1882 reverenter
1341 1847 1491 1881 exhibuit
1520 1851 1603 1881 etin
1632 1847 1696 1881 fide
1725 1850 1957 1890 constantiam
1984 1847 2211 1890 devotionem,

345 1911 518 1941 veritatem
558 1908 712 1942 ostendit.
743 1920 806 1942 nec
842 1920 903 1942 nos
932 1909 1011 1942 latet
1040 1913 1069 1941 et
1100 1911 1171 1954 ipsa
1200 1907 1275 1941 fidei
1304 1913 1440 1942 vestrae
1469 1908 1632 1954 perfectio
1662 1908 1854 1954 dampnosis
1890 1908 1974 1942 adeo
2012 1918 2211 1953 guerrarum

343 1971 427 2001 inter
467 1969 588 2002 fratres
626 1972 794 2014 principes
833 1974 967 2003 nosti-os
1005 1973 1036 2002 et
1075 1969 1227 2003 dominos
1265 1980 1453 2014 generosos
1490 1969 1622 2015 repulsa
1662 1968 1836 2003 conatibus
1872 1972 1904 2002 et
1941 1971 2130 2002 continuam
2169 1979 2212 2002 ex

343 2029 514 2061 sterilitate
530 2032 705 2063 vinearum
727 2034 757 2062 et
775 2041 933 2074 agrorum
954 2034 1146 2063 vestrorum
1168 2032 1350 2063 sentientes
1367 2029 1540 2072 offensam,
1561 2029 1617 2063 vel
1636 2032 1744 2075 potius
1765 2040 1808 2063 ex
1828 2032 1999 2063 minuitate
2020 2029 2213 2063 offensionis

340 2090 503 2132 jacturam
536 2093 565 2123 in
605 2101 645 2123 eo
674 2101 809 2136 semper
847 2095 897 2124 est
926 2093 957 2124 in
995 2093 1118 2124 nostris
1147 2093 1294 2124 servitiis
1323 2089 1462 2135 probata
1492 2090 1691 2132 ferventior,
1720 2101 1783 2135 qua
1813 2093 2051 2136 oppressiones
2079 2090 2213 2136 pertulit

343 2149 502 2183 hactenus
532 2153 720 2195 (graviores.
768 2151 822 2185 Ad
853 2154 1104 2196 compassiones
1142 2154 1252 2196 itaque
1288 2155 1402 2185 nostra
1438 2150 1636 2196 praecordia
1674 2153 1774 2184 immo
1813 2150 1852 2183 ad
1890 2153 2214 2196 recompensationis

346 2221 487 2243 examen
527 2210 668 2244 libenter
696 2211 896 2245 admittimus
934 2211 1096 2245 bonorum
1127 2216 1317 2245 nostrorum
1356 2211 1476 2245 ibidem
1501 2213 1651 2255 Jactiiras
1690 2215 1721 2244 et
1750 2211 1974 2245 desolationes
2004 2222 2213 2256 praecavere

345 2270 507 2304 volentes.
548 2270 644 2304 nobis
673 2271 812 2317 perinde
851 2283 945 2305 more
975 2271 1072 2305 solito
1110 2275 1142 2305 in
1177 2272 1321 2318 capitulo
1359 2276 1474 2306 nostro
1512 2274 1729 2316 congregatis
1758 2274 1904 2305 unanimi
1942 2271 2113 2305 voluntate
2151 2282 2212 2317 pro

345 2330 431 2363 felici
461 2335 545 2363 statu
582 2335 611 2363 et
642 2331 818 2365 commodo
857 2336 972 2365 vestro
1003 2332 1101 2365 talem
1140 2332 1237 2366 vobis
1266 2335 1421 2375 gratiam.
1460 2343 1557 2377 quam
1587 2337 1697 2365 tamen
1737 2343 1754 2365 a
1793 2335 1969 2366 retroactis
2008 2332 2212 2378 temporibus

345 2389 515 2423 habuistis.
562 2391 715 2424 duximus
753 2392 977 2426 innovandam
1026 2397 1057 2425 et
1095 2392 1356 2426 confirmandam
1397 2393 1514 2426 futuris
1558 2391 1762 2438 temporibus
1808 2397 1970 2438 perpetue
2008 2393 2210 2426 duraturam.

347 2450 619 2495 Quamloeunque
649 2452 702 2484 vel
732 2455 1002 2497 quoeieseuuque
1032 2464 1115 2486 unus
1144 2454 1199 2487 vel
1228 2454 1351 2499 plures.
1383 2457 1543 2498 quotquot
1571 2452 1692 2486 fuerint
1721 2456 1784 2486 viri
1813 2453 1868 2486 vel
1897 2453 2054 2487 mulieres
2083 2453 2213 2486 incolae

344 2510 590 2555 praedictorum
621 2511 782 2545 bonorum
813 2518 1015 2546 nostrorum.
1046 2517 1099 2558 qui
1130 2518 1239 2547 tamen
1269 2514 1451 2547 secundum
1477 2514 1552 2556 jura
1588 2513 1797 2558 municipalia
1828 2513 2032 2546 Britonensis
2070 2515 2212 2546 civitatis

346 2570 386 2602 de
417 2570 516 2603 rebus
552 2574 618 2603 suis
649 2573 788 2605 testandi
826 2572 964 2606 liberam
993 2578 1193 2619 potestatem
1232 2574 1418 2608 habuerint.
1450 2577 1502 2619 qui
1540 2585 1628 2606 nnnc
1657 2578 1732 2607 sunt
1760 2573 1815 2607 vel
1844 2578 1939 2607 erunt
1969 2576 2000 2607 in
2030 2578 2212 2619 posterum,

347 2635 543 2664 testamenta
573 2632 719 2665 condere
749 2636 778 2665 in
809 2636 875 2666 vita
906 2634 959 2667 vel
990 2638 1021 2668 in
1052 2639 1159 2668 morte
1188 2635 1229 2668 de
1257 2634 1358 2668 rebus
1387 2637 1454 2667 suis
1493 2633 1668 2667 mobilibus
1697 2633 1751 2667 vel
1780 2633 2001 2667 immobilibus
2031 2638 2062 2667 et
2099 2633 2213 2667 facere

346 2694 490 2736 poterint
520 2694 570 2724 cui
600 2692 713 2725 velint.
737 2693 798 2726 illis
827 2697 1036 2738 praesertim.
1060 2698 1113 2739 qui
1134 2696 1316 2729 seeundum
1341 2697 1418 2740 jura
1446 2694 1596 2740 praefata
1617 2697 1760 2729 civitatis
1789 2694 1995 2728 Brunnensis
2025 2698 2213 2728 testamen-
