2336 3074
966 284 971 285 ⁷
977 232 1053 286 ἶ4-8
1059 231 1079 265 3

111 333 292 365 vicariatus
321 331 432 367 officio
461 344 521 379 per
549 335 756 379 majestatem
786 339 932 369 nostram
959 347 1063 382 nuper
1084 337 1291 370 excellentia}
1320 342 1441 371 vestra*
1470 341 1648 372 commisso
1677 350 1741 372 non
1772 339 1972 373 intendimus

109 392 296 437 aliqualiter
325 392 503 438 derogare5
534 394 591 427 sed
622 399 818 440 potestatem
848 396 1046 430 intendimus
1075 397 1209 431 adicere
1239 401 1403 443 potestati.
1434 398 1554 432 Datum
1583 403 1645 432 etc.

421 472 581 506 (Gt-‹lruckt
605 473 633 498 in
650 474 786 500 Bnluzius
803 475 876 500 Vitae
900 479 1011 508 patruni
1031 476 1271 501 Avi-iiionensiuu‘i
1289 477 1370 503 Toni.
1390 477 1426 502 ll.
1452 478 1511 503 sive
1529 477 1668 503 collectio
1693 482 1820 503 actorum
1844 482 1970 504 veterum

524 534 551 559 p.
578 526 648 553 891»,
678 542 707 544 ff
740 527 799 553 Das
825 528 928 552 liatuui
956 527 1060 552 kiinnte
1086 528 1157 553 :luch
1188 528 1265 553 1383
1291 528 1372 563 svin.)

991 706 1098 742 568.

112 807 187 841 Dei·
217 807 362 852 Psoi-rei·
401 818 462 841 ron
496 808 672 850 Olkowitz-‚
704 809 831 843 P1²2·be'h·.
871 812 933 842 ele.
976 810 1161 855 rerlscmfen
1198 812 1273 844 eine
1311 811 1426 844 Mnhle
1456 813 1487 844 1¹12
1517 811 1688 845 Leelewe'tz-
1726 813 1798 846 (lem
1830 813 1970 847 Kloster

533 867 659 903 Bruclr.
693 868 751 903 Dt.
784 869 1083 905 lsloster-Brack.
1115 870 1171 904 18.
1203 871 1405 917 September
1437 871 1545 906 1389.

266 944 355 998 Nos
385 963 535 999 Przibico
563 965 723 1011 plebanus
752 969 784 999 in
806 966 979 1011 (iloquicz⁷
1009 966 1119 1000 Gittka
1148 967 1247 1001 vidua
1277 968 1317 1002 de
1338 968 1584 1002 Artwikowicz
1613 981 1652 1004 ac
1682 969 1845 1004 Gilwinus
1873 975 1970 1005 natus

109 1027 211 1070 ipsius
240 1029 356 1058 tenore
385 1028 595 1071 presencium
625 1030 901 1071 recognoscimus
929 1029 1095 1060 universis
1124 1031 1334 1073 presencium
1364 1032 1519 1063 noticiam
1549 1029 1719 1063 habituris.
1778 1029 1873 1071 Quod
1907 1041 1970 1064 nos

110 1084 218 1118 habita
247 1089 374 1119 matura
405 1085 652 1120 deliberacione
685 1099 724 1121 ac
753 1088 794 1121 de
823 1098 904 1121 sano
942 1087 1080 1121 consilio
1117 1093 1307 1122 nostrorum
1346 1092 1540 1133 amicorum,
1571 1090 1835 1124 incumbentibus
1872 1090 1969 1124 nobis

108 1145 219 1179 arduis
247 1146 502 1180 necessitatibus
531 1150 592 1181 rite
621 1152 653 1181 et
681 1148 928 1182 racionabiliter
955 1148 1164 1182 vendidimus
1193 1149 1417 1183 molendinum
1445 1154 1594 1184 nostrum
1624 1153 1778 1184 situatum
1812 1162 1851 1184 ac
1880 1162 1969 1185 con-

108 1209 232 1251 tiguum
254 1206 332 1240 ville
352 1206 530 1241 Lechwicz
550 1208 734 1242 venerabili
756 1212 829 1242 vii-0
850 1209 982 1242 domino
1002 1208 1177 1252 Zacharie,
1208 1209 1316 1243 abbati
1337 1213 1529 1244 monasterii
1549 1210 1709 1245 Lucensis
1728 1222 1768 1244 ac
1787 1213 1968 1245 conventui

107 1269 208 1312 ipsius
237 1271 270 1300 et
297 1267 550 1302 successoribus
579 1279 695 1302 eorum
724 1280 797 1302 cum
827 1272 915 1302 omni
939 1270 1028 1313 jure,
1058 1269 1206 1313 utilitate,
1241 1271 1418 1304 commodo
1447 1282 1486 1304 ac
1514 1271 1652 1316 singulis
1684 1274 1898 1317 pertinenciis
1936 1274 1967 1305 in

107 1327 226 1361 eodem
247 1328 436 1362 molendino
456 1328 497 1362 ad
517 1339 578 1362 nos
597 1329 849 1374 pertinentibus„
869 1328 970 1363 nichil
989 1328 1084 1363 nohis
1104 1341 1143 1363 ac
1163 1329 1342 1364 heredibus
1362 1334 1484 1364 nostris
1504 1334 1536 1365 in
1557 1336 1725 1377 posterum
1746 1332 1965 1366 reservando.

106 1388 164 1422 sed
195 1393 295 1422 totum
321 1390 388 1433 jus,
419 1390 505 1434 quod
535 1392 566 1423 in
596 1390 683 1423 dicto
713 1390 901 1423 molendino
931 1394 1068 1423 actenus
1103 1390 1288 1434 habuimus,
1327 1394 1358 1425 in
1395 1394 1485 1437 ipsos
1514 1391 1667 1426 abbatem
1697 1397 1729 1426 et
1763 1397 1965 1426 conventum

106 1448 339 1483 transferendo
359 1449 398 1483 ad
429 1449 607 1483 tenendum
627 1450 862 1496 possidendum
884 1449 1070 1483 habendum
1101 1455 1132 1484 et
1152 1450 1387 1494 minuendum,
1417 1452 1694 1497 quemadmodum
1723 1452 1800 1487 illud
1825 1456 1966 1487 emimus

106 1520 123 1542 a
152 1509 313 1556 Zayfrido
342 1509 463 1544 ibidem
494 1510 534 1544 de
563 1510 741 1545 Lechwicz
777 1515 809 1544 et
837 1521 898 1544 nos
935 1513 1100 1544 tenuimus
1138 1515 1170 1544 et
1197 1511 1335 1557 pacifice
1372 1512 1580 1558 possedimus
1616 1524 1720 1559 usque
1755 1513 1866 1556 modo,
1904 1524 1965 1559 pro

106 1574 181 1604 octo
210 1573 331 1604 marcis
361 1575 393 1604 et
420 1582 486 1605 uno
515 1571 646 1605 fertone
674 1582 869 1616 grossorum
899 1573 1113 1617 pragensium
1143 1575 1305 1605 moravici
1333 1576 1462 1607 numeri
1490 1578 1522 1607 et
1549 1576 1752 1620 pagamenti,
1781 1577 1813 1608 tn
1842 1576 1966 1620 paratis

104 1633 254 1676 pecuniis
269 1630 364 1664 nobis
384 1631 468 1665 datis
488 1636 520 1665 et
539 1632 664 1666 solutis.
686 1631 812 1665 Dantes
833 1636 865 1665 et
884 1632 1109 1665 concedentes
1130 1631 1254 1666 eisdem
1271 1632 1381 1667 abbati
1401 1638 1434 1667 et
1453 1637 1633 1668 conventui
1653 1646 1692 1669 ac
1711 1633 1965 1669 successoribus

105 1691 265 1724 eorumde
284 1691 496 1737 privilegium
517 1695 590 1726 sive
618 1692 745 1725 literam
776 1703 876 1738 super
896 1691 1013 1725 eodem
1035 1691 1222 1726 molendino
1243 1692 1433 1727 confectum
1461 1694 1565 1728 libera
1595 1699 1627 1728 et
1646 1694 1732 1729 bona
1759 1694 1965 1740 volumptate

104 1754 136 1785 in
156 1754 310 1796 singnum
332 1750 415 1796 (sic)
436 1751 628 1786 tradicionis
648 1756 680 1786 et
701 1754 943 1797 assignacionis
964 1751 1141 1785 molendini
1162 1753 1317 1787 antedicti
1337 1765 1375 1787 ac
1395 1754 1526 1800 plenam
1546 1759 1743 1801 potestatem
1765 1754 1965 1788 admonendi

104 1811 319 1846 fideiussores
347 1815 379 1846 in
408 1815 478 1858 ipsa
507 1812 600 1846 litera
631 1823 812 1858 expressos
841 1815 929 1845 omni
950 1812 1047 1846 modo
1077 1816 1109 1846 et
1133 1813 1221 1857 jure,
1250 1816 1334 1847 sicut
1362 1814 1456 1848 nobis
1483 1818 1718 1860 promiserunt,
1748 1826 1787 1849 ac
1814 1817 1847 1848 in
1873 1817 1964 1860 ipsos

105 1871 346 1907 transferentes
376 1883 474 1906 omne
498 1873 566 1917 jus,
596 1872 681 1918 quod
711 1872 806 1906 nobis
835 1875 866 1905 in
897 1872 1014 1906 eodem
1046 1872 1234 1907 molendino
1255 1874 1474 1920 competebat.
1505 1874 1542 1909 In
1570 1886 1709 1921 quorum
1739 1877 1963 1910 testimonium

104 1932 243 1967 evidens
272 1932 378 1978 sigilla
399 1937 511 1966 nostra
541 1933 581 1966 de
610 1937 701 1966 certa
730 1937 843 1966 nostra
873 1935 1018 1966 sciencia
1038 1932 1249 1978 presentibus
1278 1938 1353 1968 sunt
1372 1946 1531 1981 appensa.
1561 1935 1681 1969 Datum
1705 1939 1737 1970 in
1759 1938 1963 1970 monasterio

103 1992 257 2035 Lucensi,
287 2003 373 2026 anno
402 1993 525 2026 domini
554 1993 728 2026 millesimo
759 1996 994 2027 trecentesimo
1023 1997 1253 2038 octuagesimo
1282 2005 1382 2037 nono,
1412 1995 1527 2029 sabato
1556 2000 1630 2041 post
1657 1996 1836 2032 Lamberti.

415 2071 503 2105 (Orig.
533 2072 614 2105 Perg.
647 2072 664 2096 2
695 2071 721 2096 h.
755 2071 890 2097 verletzte
914 2071 970 2103 sig.
1003 2072 1031 2097 in
1055 2072 1108 2098 den
1134 2072 1228 2098 Akten
1260 2073 1309 2099 des
1341 2074 1467 2100 Brucker
1490 2075 1621 2101 Klosters
1653 2076 1689 2101 im
1722 2076 1810 2101 mahr.
1834 2076 1960 2101 Laudes·

517 2122 655 2157 archive.)

983 2243 1090 2278 569.

104 2345 219 2390 Koniy
242 2344 384 2380 Wenzel
404 2346 465 2380 IV.
498 2357 561 2380 von
582 2346 736 2380 Bolzmen
765 2349 909 2379 emerent
928 2347 989 2380 den
1011 2346 1236 2391 illarlcyrafen
1258 2347 1370 2381 Jodolc
1398 2360 1472 2381 zum
1492 2348 1770 2383 Scln'edsrz'cleter
1790 2350 1957 2385 &mischeto

174 2405 240 2439 ilem
269 2407 337 2439 und
365 2407 438 2441 dem
466 2406 627 2451 Hem-oye
655 2406 822 2440 Albi-eolat
853 2417 915 2440 con
947 2400 1155 2441 Osterree'clz.
1187 2407 1245 2441 Dt.
1276 2408 1431 2452 Berame„
1461 2409 1519 2443 20.
1551 2408 1752 2453 September
1782 2409 1892 2445 1389.

246 2481 354 2536 xvir
380 2501 582 2536 Wenczlaw
617 2513 685 2536 von
721 2506 819 2547 gotes
856 2501 989 2547 gnaden
1026 2501 1213 2536 romischer
1249 2502 1352 2548 kunig
1385 2515 1425 2538 zu
1462 2505 1547 2538 allen
1585 2507 1713 2538 czeiten
1750 2515 1862 2539 merer
1899 2505 1960 2540 des

101 2561 213 2596 reichs
240 2562 306 2596 und
334 2561 438 2608 kunig
466 2574 506 2596 zu
534 2562 685 2607 Beheim,
714 2562 891 2597 bekennen
920 2562 984 2596 und
1015 2566 1070 2596 tun
1098 2561 1179 2596 kunt
1199 2563 1396 2598 offenlichen
1426 2568 1482 2598 mit
1511 2565 1614 2599 disem
1644 2565 1740 2599 brive
1769 2565 1854 2600 allen
1882 2566 1958 2601 den.

100 2623 153 2656 die
181 2625 213 2656 in
242 2622 347 2656 sehen
376 2623 458 2656 oder
485 2623 592 2657 horen
620 2623 724 2658 lesen.
772 2623 839 2657 Das
867 2626 933 2657 wir
961 2622 1042 2656 aller
1071 2626 1179 2656 stosse
1209 2623 1272 2657 und
1302 2624 1553 2669 czweitraclite,
1583 2625 1635 2659 die
1664 2625 1734 2659 sich
1764 2627 1957 2661 czwischen

99 2693 161 2717 uns
189 2694 231 2717 an
260 2685 369 2717 einem
398 2682 488 2729 teyle
516 2683 581 2717 und
610 2683 685 2717 dem
714 2682 976 2728 hochgebornen
998 2681 1204 2717 Albrechten
1234 2684 1426 2730 herczogen
1455 2697 1495 2719 zu
1525 2685 1710 2731 Osterrich‚
1736 2698 1777 2720 zu
1798 2686 1956 2733 Steyern.

1753 2754 1802 2779 61ἐξ
