2336 3074
970 214 1069 268 1⁶22

960 369 1060 405 186.

851 474 961 518 1380,
992 473 1067 508 Mat
1096 473 1154 508 10.

227 569 277 615 (X
305 570 404 616 Maji)
433 571 533 604 Anno
563 570 685 604 domini
714 569 962 605 MCCCLXXX
991 569 1073 604 hora
1104 572 1311 618 completorii
1340 584 1401 619 per
1430 573 1585 608 familiam
1606 575 1815 609 illustrissimi
1836 578 1934 622 prin-

72 634 153 677 cipis
182 631 306 665 domini
334 631 453 665 Jodoci
481 631 684 665 marchionis
712 631 865 665 Moravie
894 631 1037 665 ecclesia
1067 630 1302 666 Olomucensis
1331 633 1389 666 fuit
1420 636 1554 668 incensa
1585 639 1616 669 et
1645 640 1766 669 tectum
1788 636 1932 670 ecclesie

72 702 146 725 cum
175 691 274 725 domo
303 691 484 737 episcopali
515 692 659 725 totaliter
688 692 747 725 fuit
775 696 905 726 exusta.

382 770 454 804 (Aus
478 770 540 796 dem
565 770 661 796 Codex
685 771 716 796 E.
742 771 764 796 Ι,
789 772 828 796 40
854 771 890 796 im
915 770 987 796 Olm.
1011 771 1093 796 Metr.
1118 772 1192 805 Kap.
1217 771 1364 806 Archive.)

957 924 1060 960 187.

123 1027 463 1061 Pra‘liminarartikel
490 1040 552 1061 z-m·
582 1027 800 1071 Herstellmzq
828 1029 887 1062 (les
917 1029 1083 1061 Frieclens
1113 1028 1279 1062 zwischen
1312 1028 1538 1075 Markyrafen
1568 1031 1681 1065 Jodoh·
1710 1033 1776 1065 ancl
1805 1034 1876 1066 dem

454 1088 626 1122 Olmoe't‘lz-er
654 1088 831 1133 Biscleofe.
873 1088 929 1122 Dt.
962 1088 1051 1122 nach
1081 1090 1152 1123 clem
1185 1089 1242 1123 10.
1274 1089 1350 1123 Mae·
1377 1102 1404 1124 e.
1438 1090 1546 1125 1380.

225 1163 324 1217 'nter
352 1184 510 1218 illustrem
540 1188 571 1218 et
601 1184 811 1229 magnificum
832 1187 1014 1230 principem
1036 1185 1203 1219 dominum
1223 1185 1438 1232 Jo.(docum)
1460 1187 1686 1222 marchionem
1709 1193 1740 1222 et
1761 1189 1928 1224 dominum

66 1243 219 1279 Moravie
248 1244 289 1278 ab
317 1256 381 1278 una
411 1249 443 1278 et
472 1245 730 1280 Olomucensem
760 1248 953 1291 episcopum
982 1250 1075 1291 parte
1104 1245 1145 1280 ab
1174 1246 1237 1279 alia
1257 1246 1459 1293 infrascripti
1479 1249 1607 1282 articuli
1627 1252 1758 1283 tractati
1787 1255 1819 1284 et
1839 1262 1928 1284 con-

67 1304 148 1339 clusi
176 1309 251 1339 sunt
279 1305 339 1339 sub
368 1305 474 1339 forma
503 1305 640 1340 inferius
669 1310 836 1339 annotata.

222 1365 374 1411 Inprimis
403 1367 491 1412 quod
520 1366 671 1400 dominus
700 1366 850 1400 marchio
879 1367 1047 1412 predictus
1076 1368 1253 1401 ecclesiam
1285 1367 1554 1403 Olomucensem.
1583 1373 1786 1416 episcopum.
1818 1383 1927 1406 cano-

65 1429 171 1468 nicos,
200 1426 326 1460 clerum
356 1431 387 1460 et
416 1427 561 1461 vasallos
591 1426 825 1461 Olomucensis
845 1427 988 1461 ecclesie
1009 1431 1041 1460 et
1061 1427 1203 1461 diocesis
1230 1431 1261 1461 in
1282 1428 1418 1472 iuribus,
1439 1429 1656 1474 libertatibus,
1677 1430 1926 1466 honorabilibus

66 1491 98 1520 et
125 1489 319 1532 prescriptis
348 1487 641 1521 consuetudinibus
669 1499 735 1521 non
764 1487 870 1521 solum
907 1487 1079 1521 dimmittat
1108 1492 1138 1521 et
1167 1493 1348 1522 conservet
1385 1489 1442 1522 sed
1481 1493 1588 1524 eciam
1623 1490 1790 1535 defendat,
1821 1496 1862 1526 ita
1893 1498 1927 1527 ut

65 1547 208 1580 ecclesia
238 1546 471 1581 Olomucensis
509 1559 583 1581 cum
617 1552 686 1581 toto
725 1559 784 1582 suo
823 1548 999 1594 appendio„
1028 1552 1061 1581 ut
1100 1551 1310 1593 premittitur‚
1340 1551 1372 1582 in
1410 1548 1483 1593 hiis„
1514 1562 1578 1595 que
1616 1556 1689 1585 sunt
1726 1558 1923 1598 expressata

64 1610 227 1652 superius.
257 1612 462 1652 permaneat,
493 1608 771 1652 quemadmodum
809 1612 885 1654 aput
922 1611 1157 1653 progenitores
1196 1608 1272 1641 dicti
1310 1609 1432 1643 domini
1468 1611 1671 1645 marchionis
1710 1612 1750 1646 ab
1789 1616 1923 1659 antiquo

63 1670 211 1713 permisit
241 1667 326 1713 (sic)
355 1668 436 1701 Item
467 1671 499 1702 in
528 1669 758 1702 sacerdotibus
787 1673 839 1702 aut
869 1669 1000 1702 clericis
1029 1668 1084 1702 vel
1112 1668 1279 1713 religiosis
1300 1670 1540 1704 excedentibus
1560 1672 1615 1705 vel
1643 1674 1923 1708 committentibus

64 1728 177 1773 culpas
205 1727 368 1762 notabiles
390 1755 638 1762 .........
669 1729 746 1762 dicti
775 1729 897 1763 domini
936 1728 1137 1762 marchionis
1167 1729 1207 1762 de
1245 1733 1404 1775 preterito
1442 1736 1592 1777 tempore
1630 1737 1827 1768 auctoritate
1864 1746 1923 1768 sua

63 1792 338 1834 presumpserunt
367 1789 548 1833 aliquocies
577 1792 750 1835 captivare
779 1793 809 1823 et
839 1792 944 1823 eciam
975 1792 1005 1822 in
1026 1792 1231 1823 testamentis
1260 1801 1319 1824 seu
1340 1793 1372 1824 in
1391 1791 1512 1825 ultimis
1533 1792 1676 1827 fidelium
1697 1794 1922 1829 voluntatibus

62 1849 158 1882 factis
186 1849 243 1883 vel
271 1848 432 1883 faciendis
460 1854 617 1883 servetur
645 1849 727 1883 ordo
757 1850 874 1884 modus
903 1854 935 1883 et
963 1849 1190 1893 observantia,
1220 1855 1316 1896 prout
1345 1854 1377 1884 in
1397 1854 1532 1886 civitate
1553 1857 1585 1886 et
1605 1853 1731 1887 diocesi
1760 1854 1922 1899 Pragensi

62 1909 162 1943 fuerit
190 1908 417 1944 observatum.

216 1969 298 2003 Item
328 1974 502 2003 tractatum
531 1975 581 2004 est
610 1975 641 2004 et
671 1971 863 2004 conclusum
893 1970 1033 2004 finaliter
1062 1971 1148 2016 quod
1176 1971 1327 2006 dominus
1348 1973 1497 2007 marchio
1517 1977 1550 2007 in
1570 1979 1703 2018 eventm
1726 1975 1779 2009 ubi
1800 1976 1920 2009 fratres

58 2033 108 2064 sui
140 2029 386 2076 Sobie.(slaus)
417 2035 448 2064 et
477 2030 659 2076 Procopius
688 2031 744 2065 vel
773 2031 825 2064 alii
854 2030 1092 2065 inhabitatores
1121 2035 1323 2078 principatus
1352 2032 1507 2067 Moravie
1536 2035 1660 2068 nollent
1689 2046 1765 2070 esse
1795 2036 1835 2069 de
1865 2036 1917 2069 illa

59 2093 205 2124 contenti
236 2093 376 2134 iusticia,
406 2102 503 2136 quam
534 2090 766 2124 Olomucensis
796 2094 972 2137 episcopus
1001 2096 1136 2137 paratus
1166 2097 1214 2126 est
1250 2097 1415 2128 sustinere
1445 2106 1558 2129 coram
1587 2107 1670 2140 rege
1700 2095 1837 2130 Boemie
1866 2101 1921 2130 aut-

60 2150 221 2184 iudicibus
258 2151 492 2196 spiritualibus,
521 2152 561 2185 ad
598 2163 680 2197 quos
716 2155 786 2198 ipse
823 2152 1054 2186 Olomucensis
1097 2155 1274 2198 episcopus
1310 2157 1380 2187 iure
1419 2158 1572 2200 pertinen
1612 2161 1735 2190 extunc
1772 2156 1919 2202 prefatus

62 2211 213 2244 dominus
243 2211 392 2245 marchio
422 2215 527 2258 ipsum
557 2216 710 2246 teneatur
738 2217 769 2246 et
798 2213 879 2246 velit
908 2212 1083 2257 magnifice
1113 2212 1302 2247 defensare.

216 2271 298 2306 Item
327 2283 371 2306 ex
399 2273 568 2306 relacione
597 2272 715 2306 nobilis
745 2275 808 2306 viri
837 2273 959 2306 domini
987 2272 1184 2306 Benesschii
1213 2273 1254 2307 de
1283 2274 1524 2320 IVarteinberg
1553 2279 1595 2309 ita
1625 2281 1674 2310 est
1712 2277 1918 2322 dispositum,

61 2332 148 2376 quod
177 2335 353 2378 episcopus
384 2332 615 2367 Olomucensis
644 2344 710 2366 non
739 2333 874 2366 multum
910 2333 1053 2379 disputet
1081 2332 1122 2366 de
1150 2333 1202 2366 illa
1232 2338 1370 2368 materia
1400 2339 1637 2370 arrestacionis
1675 2340 1846 2381 ungarice,
1877 2348 1917 2370 eo

61 2392 148 2436 quod
177 2392 249 2426 talis
278 2404 333 2426 res
362 2395 447 2426 inter
476 2404 534 2427 eos
564 2398 722 2439 utrosque
752 2396 870 2439 poterit
900 2393 1070 2439 expediri3
1118 2393 1177 2427 sed
1207 2394 1247 2427 de
1276 2395 1408 2428 domino
1446 2395 1592 2429 Jescone
1630 2397 1698 2430 de.
1722 2424 1729 2430 .
1754 2397 1800 2442 ,ἢ
1830 2398 1917 2431 dicto

61 2456 227 2495 servetur,
258 2452 345 2497 quod
374 2452 525 2486 dominus
555 2456 731 2499 episcopus
760 2456 791 2486 in
813 2454 906 2497 duos„
928 2465 1010 2498 quos
1040 2453 1181 2498 elegerit
1210 2458 1241 2487 et
1270 2457 1340 2499 ipse
1360 2454 1460 2488 Jesco
1490 2459 1521 2489 in
1542 2456 1624 2490 alios
1645 2457 1726 2491 duos
1747 2457 1919 2492 electionis

60 2523 120 2545 sue
149 2515 428 2558 compromittant5
459 2516 512 2558 qui
540 2513 629 2547 litem
667 2517 771 2559 ipsam
811 2516 998 2552 terminent,
1029 2517 1056 2547 si
1094 2518 1260 2560 poterunt,
1298 2515 1505 2559 integraliter
1544 2521 1576 2549 et
1610 2517 1785 2562 complete.
1825 2518 1919 2552 salvo

60 2583 194 2618 semper
222 2575 294 2606 iure
324 2572 556 2607 Olomucensis
586 2577 746 2619 episcopi,
776 2578 810 2607 ut
838 2585 942 2619 agere
980 2577 1083 2619 possit
1112 2573 1276 2608 adversus
1305 2574 1484 2609 Jesconem
1512 2577 1696 2621 predictum
1725 2590 1826 2624 super
1856 2579 1921 2613 de—

221 2684 252 2719 ÷÷)
277 2686 319 2711 Ist
343 2686 482 2712 wahrsch.
505 2686 591 2712 Jesco
616 2696 672 2712 von
697 2686 858 2721 Sternberg.
875 2687 947 2711 alias
964 2687 997 2712 <le
1017 2686 1128 2718 Lukov,
1147 2687 1268 2713 weleher
1285 2688 1335 2713 das
1352 2688 1537 2715 biscliiifliche
1555 2691 1652 2717 Lelien
1670 2691 1795 2717 Vax-host
1812 2692 1918 2718 hesass.
