2336 3074
1047 216 1093 247 35

137 322 231 353 ravie
259 323 347 353 viam
387 322 545 353 universe
583 322 693 353 carnis
730 319 894 353 catholice
932 319 1142 359 ingrediente
1181 323 1211 351 et
1253 330 1317 351 nou
1352 322 1458 352 {ninus
1497 318 1690 352 venerande
1727 322 1792 352 vite
1832 318 1929 351 lilium
1972 322 2002 351 in

137 385 309 426 paternum
349 379 502 413 tbronnm
542 379 593 413 dei
631 382 745 424 gracia
781 390 845 413 non
882 379 986 412 solum
1026 379 1173 416 legitime
1211 379 1425 413 succedente.
1455 380 1511 413 sed
1553 385 1584 413 et
1622 383 1786 425 inceptum
1827 384 1999 424 paternum

136 451 240 485 usque
269 440 308 473 ad
339 445 484 486 optatum
515 440 611 473 linem
647 440 833 485 perducere
871 444 1046 483 satagente
1082 439 1121 472 ad
1158 443 1336 473 immensas
1375 440 1489 473 laudes
1528 444 1771 486 prorumpimus
1811 441 2001 474 salvatoris,

136 503 189 545 qui
219 501 259 533 de
289 500 406 534 lumbis
435 504 537 546 patris
567 500 664 533 taleni
699 500 853 545 produxit
886 499 997 543 situum
1028 503 1080 545 qui
1112 503 1212 545 patris
1251 500 1442 545 adimpleret
1476 501 1678 534 voluntatem
1709 506 1738 534 et
1769 501 1854 545 quod
1886 505 2001 534 nostro

135 561 285 604 (generali
316 561 458 607 capitulo
488 561 664 606 domuique
694 560 846 595 Cartusie
876 564 939 594 iam
969 572 1029 606 per
1057 563 1200 604 quinque
1230 571 1334 593 annos
1365 565 1500 606 propter
1531 562 1716 594 incendium
1739 562 1906 594 destructe
1934 561 2000 593 do—

135 624 237 654 nariis
267 621 384 655 inclitis
412 621 593 654 liberaliter
621 621 836 664 subvenistis,
867 633 925 666 pro
955 620 1072 665 quibus
1101 624 1256 665 quantum
1287 631 1463 665 possumus
1493 621 1672 654 secundum
1702 626 1848 655 nostram
1880 624 2001 666 parvi—-

135 686 234 715 tatem
257 693 317 715 nos
341 686 372 715 et
393 686 494 715 totum
517 686 663 715 nostrum
692 682 867 727 capitulum
888 681 1049 726 generale
1069 685 1183 714 vestre
1204 681 1426 715 dominacioni
1448 681 1574 714 debitas
1596 682 1789 714 rel'erriinus
1810 685 1999 720 graciarum

135 745 302 776 acciones.
332 741 371 775 Et
401 746 435 775 ut
464 746 528 775 tam
558 746 673 775 sancte
702 746 733 774 et
763 744 886 774 eximie
914 744 1042 775 caritati
1071 745 1186 774 vestre
1206 741 1378 774 valeamus
1399 741 1616 786 respondere.
1640 744 1668 774 in
1691 746 1835 787 presenti
1857 743 1999 788 capitulo

135 802 288 835 duximus
318 802 548 845 ordinandum7
578 806 610 835 ut
640 804 747 835 statim
777 806 850 847 post
881 806 1052 847 acceptam
1082 805 1206 834 cartam
1236 805 1340 834 nostri
1361 801 1493 847 capituli
1521 813 1582 847 per
1602 813 1717 835 omues
1738 802 1854 835 domos
1875 803 2000 836 ordinis

138 865 242 895 nostri
271 873 368 895 unum
401 865 611 895 tricenarium
643 862 683 895 de
712 864 827 907 spiritu
858 866 984 895 sancto.
1016 862 1101 906 quod
1124 861 1221 895 XXX
1253 865 1370 895 missas
1400 862 1545 895 includit.
1578 873 1636 907 pro
1672 862 1768 896 vobis
1799 866 1829 895 in
1856 863 1999 907 qualibet

134 922 233 955 domo
267 922 482 966 singulariter
517 921 717 963 celebretur,
748 927 778 954 ut
819 925 889 967 ipse
926 925 1060 967 spiritus=
1098 926 1232 955 sanctus
1271 925 1371 955 vitam
1401 927 1547 955 vestram
1585 927 1615 955 et
1653 927 1774 956 statum
1810 923 1930 967 dirigat.
1969 927 2000 955 in

133 985 279 1027 presenti
309 986 341 1015 et
370 985 512 1015 animam
541 987 687 1016 vestram
719 987 910 1016 sanctorum
939 993 1074 1015 suorum
1105 984 1417 1026 consorciojunffat
1448 985 1477 1015 in
1510 982 1630 1015 futuro.
1662 983 1814 1028 Denique
1836 983 1875 1016 de
1900 983 1999 1027 lega-

134 1043 222 1075 litate
251 1046 363 1075 vesu-a
393 1053 454 1087 per
483 1045 688 1076 carissimum
719 1042 857 1076 fratrem
887 1047 1035 1075 nostrum
1067 1041 1266 1076 Gotl'ridum.
1298 1046 1443 1088 priorem
1475 1047 1623 1075 vestrum
1663 1054 1751 1076 nove
1791 1043 1999 1076 fundacionis

133 1102 286 1136 videlicet
317 1102 433 1135 domus
463 1107 578 1136 sancte
607 1106 770 1136 trinitatis.
801 1103 930 1148 plenius
960 1103 1126 1135 informati
1153 1102 1453 1148 supplicacionibus
1482 1105 1553 1135 eius
1574 1114 1633 1148 pro
1655 1108 1748 1148 parte
1770 1108 1881 1137 x‘estra
1905 1103 1999 1136 nobis

134 1174 235 1208 super
271 1162 334 1196 boc
370 1163 465 1196 sactis
507 1164 665 1197 inclinati.
704 1164 761 1197 sed
801 1168 831 1197 et
871 1163 1141 1197 consolacionem
1180 1166 1289 1196 anime
1332 1165 1504 1196 memorati
1550 1166 1706 1208 principis
1749 1167 1850 1209 patris
1895 1167 1999 1197 vestri

132 1228 347 1268 vestramque
377 1224 597 1257 devocionem
628 1236 693 1258 nou
723 1225 937 1258 mediocriter
967 1224 1175 1257 attendentes
1204 1223 1366 1269 prefatam
1397 1223 1528 1256 domum
1566 1228 1681 1257 sancte
1710 1227 1862 1257 trinitatis
1894 1235 1998 1269 prope

134 1282 278 1316 Brunam
309 1295 368 1329 per
405 1289 623 1318 memoratum
662 1288 845 1330 principem
884 1290 1012 1331 patrem
1049 1289 1209 1317 vestrum.
1240 1288 1273 1316 ut
1310 1285 1509 1328 premittitur
1549 1287 1724 1329 inceptam.
1754 1296 1815 1329 per
1851 1289 1997 1317 vestram

134 1348 243 1378 autem
263 1344 550 1389 magnificenciam
581 1357 685 1390 usque
714 1346 753 1379 ad
784 1346 881 1380 linem
912 1350 1058 1391 optatum
1089 1345 1232 1378 donante
1262 1344 1394 1377 domino
1425 1344 1684 1389 perducendam,
1706 1344 1802 1378 nobis
1823 1349 1852 1378 et
1883 1350 1998 1378 nostro

134 1404 241 1438 ordini
270 1405 430 1438 concordi
458 1408 568 1438 auimo
604 1410 634 1438 et
674 1406 854 1439 deliberata
894 1406 1064 1439 voluntate
1099 1407 1342 1438 associavimus
1381 1408 1410 1437 et
1450 1407 1740 1450 incorporavimus
1777 1408 1806 1438 in
1846 1410 1995 1438 eternum

135 1475 275 1509 eamque
305 1467 352 1498 sic
382 1476 479 1498 unam
510 1466 550 1499 de
581 1466 731 1500 domibus
760 1469 865 1500 nostri
895 1466 1019 1499 ordinis
1040 1469 1191 1498 tenemus
1220 1469 1251 1498 et
1277 1468 1380 1498 nostri
1401 1464 1605 1509 appellamus
1626 1468 1777 1510 corporis
1800 1465 1995 1499 membrum.

131 1529 165 1558 ut
197 1527 228 1558 in
258 1536 296 1558 ea
326 1526 542 1570 psalmorulm
573 1526 773 1570 vigiliarium
799 1528 1002 1570 jeiuniornm
1032 1530 1062 1558 et
1094 1528 1267 1558 missarum
1298 1529 1555 1569 ceterorumque
1584 1528 1687 1558 nostri
1718 1526 1842 1558 ordinis
1872 1526 1997 1559 fructus

133 1589 285 1618 crescant
316 1590 347 1618 et
376 1584 527 1619 floreant.
559 1585 675 1630 quihus
713 1586 883 1619 christiani
918 1588 1051 1631 spiritus
1091 1585 1181 1618 velut¹
1218 1587 1250 1618 in
1289 1584 1370 1618 cibis
1399 1584 1568 1629 regalibus
1604 1589 1634 1617 et
1673 1585 1798 1619 deliciis
1835 1586 1996 1619 exultent.

132 1644 350 1678 exhortantes
380 1645 536 1679 devotam
565 1651 713 1679 vestram
744 1646 1043 1690 magnificenciam„
1074 1649 1235 1689 quatenus
1272 1644 1458 1677 huiusmodi
1487 1655 1610 1678 novam
1640 1656 1808 1690 sponsam,
1840 1646 1995 1679 videlicet

131 1704 364 1738 fundacionem
394 1710 553 1738 vestram.
584 1717 644 1751 per
672 1717 735 1739 vos
765 1706 827 1739 deo
857 1706 1010 1739 dicatam.
1041 1705 1177 1738 edificiis
1213 1709 1242 1738 et
1279 1704 1460 1738 redditibus
1499 1705 1816 1750 possesionibusque
1854 1710 1883 1738 et
1924 1706 1995 1739 aliis

132 1767 333 1798 necessariis
362 1764 591 1810 corporalibus
622 1765 729 1799 taliter
757 1766 873 1799 dotare
907 1768 1040 1801 curetis,
1070 1777 1112 1798 ne
1149 1770 1286 1811 propter
1315 1765 1479 1798 defectum
1519 1766 1748 1810 temporalium
1787 1769 1991 1800 exercicium

131 1827 281 1858 minuere
309 1829 450 1869 cogatur
480 1828 510 1858 in
540 1837 577 1858 ea
608 1830 810 1859 eternorum.
841 1826 1019 1859 Facientes
1049 1828 1079 1861 in
1111 1828 1295 1871 premissi&
1325 1825 1411 1870 quod
1442 1828 1512 1870 ipso
1542 1825 1593 1858 dei
1625 1825 1689 1858 lilio
1719 1831 1887 1871 prestante
1909 1839 1992 1872 par-

131 1887 247 1930 ticipes
278 1884 349 1919 fieri
379 1888 573 1919 mereamini
603 1889 748 1919 omnium
780 1885 940 1919 bonorum
980 1886 1209 1931 spiritualium.
1240 1897 1303 1930 que
1342 1885 1420 1918 fiunt
1449 1889 1479 1919 in
1519 1890 1586 1919 toto
1625 1886 1752 1927 ordine,
1783 1891 1891 1920 autem
1931 1899 1993 1921 una

132 1956 206 1978 cum
235 1949 329 1990 patre
366 1950 482 1980 vestro
521 1946 677 1979 defuncto
717 1949 911 1980 mereamini
945 1957 1004 1992 per
1041 1950 1142 1979 totum
1179 1946 1330 1979 ordinem
1366 1945 1599 1979 monachatum
1639 1947 1824 1992 possidere.
1872 1947 1991 1980 Datum

131 2004 282 2038 Cartusie
311 2017 398 2039 anno
433 2006 555 2040 domini
592 2007 766 2040 Millesiino
803 2006 1082 2040 Ct‘Cffl0Lxxvl0
1111 2007 1163 2040 die
1202 2006 1265 2040 XV
1295 2009 1418 2040 mensis
1454 2006 1532 2040 Maii
1568 2011 1682 2040 nostro
1720 2007 1858 2040 sedente
1896 2011 1993 2053 capi-

130 2065 196 2099 tulo
226 2066 388 2109 generali.

442 2136 531 2169 (strig.
557 2137 639 2168 Perge.
664 2137 691 2162 h.
716 2137 773 2169 Sig.
800 2137 835 2162 im
861 2137 947 2162 Areb.
974 2137 1023 2162 des
1047 2137 1094 2161 Kl.
1120 2136 1268 2170 Raigern.)

1028 2282 1101 2317 40.

748 2393 845 2426 1370·
874 2393 950 2426 Mai
977 2392 1036 2426 31.
1069 2392 1126 2426 m.
1158 2392 1376 2425 Bucheruelt.

278 2467 345 2520 Κ.
377 2486 456 2520 Karl
485 2487 540 2520 IV.
564 2487 683 2521 erliobt
705 2488 779 2521 dem
808 2488 1012 2522 Erzbiscliol'
1035 2487 1132 2521 Knno
1163 2498 1229 2521 von
1250 2487 1347 2521 Trier
1368 2489 1419 2521 die
1441 2488 1675 2523 Pfandsumme
1697 2491 1756 2523 der
1776 2502 1842 2524 von
1870 2492 1989 2525 dessen

128 2545 253 2579 Kircbe
283 2546 529 2591 innegehabten
558 2547 941 2593 Reicbspl'andschaften
980 2548 1039 2581 der
1078 2548 1193 2581 Stadte
1230 2548 1384 2594 Boppard
1424 2550 1488 2582 und
1519 2550 1636 2583 XVesel
1672 2551 1736 2584 und
1773 2551 1832 2584 der
1870 2551 1989 2585 halben

129 2605 221 2650 Burg
250 2606 478 2651 Sterrenherg
507 2612 570 2641 etc.
601 2619 669 2641 von
699 2608 836 2641 50.000
866 2607 962 2641 Mart<
991 2611 1107 2641 reinen
1137 2607 1264 2641 Silbers
1293 2609 1419 2643 Kolner
1448 2609 1621 2643 Gewicbts
1641 2610 1701 2644 auf
1722 2610 1860 2644 6().O()O
1880 2611 1987 2645 Marlz.

127 2686 177 2690 —-
206 2666 311 2700 Unter
340 2667 403 2701 den
432 2667 589 2712 Zeugen:
620 2668 754 2702 Jodoc
769 2680 813 2701 us
844 2668 1040 2701 marchio
1070 2667 1132 2701 Mo
1146 2679 1190 2701 ra
1202 2672 1281 2702 vie,
1314 2669 1472 2704 Albertus
1502 2670 1542 2703 de
1573 2670 1782 2715 Sterinberg.
1803 2671 1989 2704 Joliaunes.
