2336 3074
1010 220 1082 254 485

116 322 260 367 desuper
295 326 466 357 concessis
504 329 642 370 apparet
678 324 865 366 manifeste,
904 324 943 358 ad
978 323 1139 359 honorem
1178 327 1355 362 salvatoris
1390 332 1496 363 nostri
1531 335 1563 363 et
1600 334 1714 364 sancte
1752 333 1904 365 trinitatis
1943 342 1982 364 ac

116 382 284 417 individue
313 386 445 418 unitatis
475 387 712 419 monasterium
742 396 865 419 novum
896 387 926 418 in
955 388 1090 419 civitate
1119 391 1232 420 nostra
1262 387 1391 422 Fulnek
1418 389 1478 423 sub
1508 390 1599 424 titulo
1629 395 1660 424 et
1690 393 1914 437 inscripcione
1943 401 1981 424 ac

117 442 282 478 vocabulo
316 447 501 491 prescripto
537 456 597 490 per
634 457 695 480 nos
735 445 904 479 fundatum
942 450 974 479 et
1003 450 1150 480 erectum
1189 458 1248 493 pro
1284 448 1529 484 inliabitacione
1566 450 1704 484 fratrum
1743 455 1978 486 canonicorum

117 503 319 548 regularium
358 505 483 539 ordinis
520 508 626 539 sancti
663 507 855 551 Augustini,
893 510 925 539 ut
965 505 1085 540 ibidem
1128 511 1315 553 prepositus
1351 521 1425 543 cum
1464 521 1585 544 novem
1624 510 1781 546 fratribus
1819 512 1980 546 habeatur

117 568 286 608 continuo,
317 565 429 599 divine
457 569 588 612 pietatis
624 566 806 601 clemencia
841 569 1009 612 aspirante
1047 569 1305 603 construendum
1344 570 1497 605 duximus
1535 577 1567 606 et
1604 576 1635 606 in
1673 576 1774 618 ipsius
1813 578 1978 606 structura

116 628 353 670 processimus,
392 626 554 660 hactenus
590 627 802 673 procedimus
840 631 871 661 et
909 630 979 661 eius
1017 628 1194 662 adiuvante
1232 631 1390 675 presidio„
1420 635 1475 676 qui
1513 637 1630 666 cuneta
1669 637 1788 676 tuetur,
1828 632 1978 667 felicibus

117 688 332 720 incrementis
361 691 392 721 et
421 686 544 721 devoto
573 691 719 722 caritatis
756 688 863 722 studio
892 688 1122 734 procedemus.
1178 688 1221 723 Ut
1258 693 1362 724 eciam
1399 692 1476 726 dicti
1504 695 1692 738 prepositus
1721 698 1751 727 et
1791 698 1977 727 conventus

118 748 314 780 monasterii
342 749 375 780 in
404 746 533 781 honore
562 747 739 782 salvatoris
768 752 800 782 et
828 752 942 782 sancte
972 750 1123 782 trinitatis
1153 753 1183 783 et
1213 761 1429 785 successores
1458 763 1573 786 eorum
1613 765 1653 787 eo
1696 756 1844 799 quiecius
1879 754 1978 787 cultui

117 806 230 840 divino
251 817 376 840 vacare
405 807 540 840 valeant
568 811 665 852 atque
693 807 808 842 laudes
837 808 889 841 dei
918 807 1064 842 liberiori
1085 812 1194 844 animo
1225 811 1431 857 depromant,
1462 824 1525 858 quo
1546 814 1663 848 melius
1693 819 1724 848 et
1753 814 1978 848 sufficieucius

117 865 355 913 temporalibus
391 867 558 912 suffragiis
593 867 714 902 fuerint
752 869 863 911 adiuti,
899 869 994 902 dictis
1029 873 1198 914 preposito
1238 875 1267 904 et
1303 876 1483 906 conventui
1518 885 1556 907 ac
1593 877 1794 908 monasterio
1832 877 1977 920 ipsorum

116 930 358 973 imperpetuum
388 927 484 961 villas
520 933 652 962 nostras
681 931 842 974 integras,
881 929 1036 963 videlicet
1064 929 1256 964 Tirnaviam
1294 943 1366 966 cum
1392 934 1469 977 jure
1497 938 1703 979 patronatus,
1733 946 1807 968 cum
1845 935 1977 968 iudicio.

117 987 257 1021 excluso
286 987 406 1022 cliente
436 987 557 1022 ibidem
594 1000 667 1022 cum
697 989 802 1023 altero
838 990 947 1023 medio
976 989 1072 1023 laneo
1109 991 1290 1035 residente,
1326 996 1380 1038 qui
1409 997 1515 1028 eciam
1545 994 1648 1029 cliens
1677 995 1798 1029 nullum
1837 1006 1977 1040 gregem

117 1050 229 1082 ovium
265 1047 390 1082 habere
426 1047 525 1082 debet
559 1052 591 1082 in
629 1052 761 1094 pascius
798 1050 876 1083 ville
905 1049 1092 1084 hominibus
1129 1053 1161 1084 in
1190 1056 1434 1099 contemptum,
1481 1059 1513 1088 et
1548 1057 1653 1088 eciam
1683 1055 1794 1089 villam
1831 1060 1976 1089 nostram

118 1107 304 1154 Gylowecz
324 1119 465 1142 unacum
490 1109 628 1153 judicio,
650 1121 724 1143 cum
754 1113 867 1156 pratis,
887 1113 1031 1156 pascuiS,
1062 1111 1228 1155 censibus,
1248 1113 1478 1158 proventibus,
1499 1115 1700 1158 utilitatibus,
1722 1115 1978 1161 piscacionibus,

117 1168 398 1214 aucupacionibus
427 1174 459 1203 et
488 1169 639 1214 frugibus
669 1169 899 1211 censualibus,
941 1173 1046 1204 eciam
1076 1182 1233 1217 scampna
1263 1173 1341 1207 salis
1371 1185 1401 1208 m
1431 1177 1566 1209 civitate
1599 1180 1712 1209 nostra
1743 1175 1871 1209 Fulnek
1904 1186 1977 1208 cum

118 1240 220 1263 censu
250 1232 395 1275 ipsorum
425 1232 487 1275 ipsi
517 1233 720 1264 monasterio
754 1230 859 1265 libere
897 1234 1128 1275 assignamus,
1175 1236 1281 1267 eciam
1310 1238 1495 1280 pomerium
1525 1247 1569 1269 ex
1597 1239 1749 1282 opposito
1787 1239 1979 1270 monasterii

117 1293 148 1324 in
179 1294 290 1323 monte
326 1293 426 1324 castri
464 1290 573 1324 eidem
608 1294 812 1325 monasterio
847 1290 1050 1324 conferimus
1088 1297 1118 1326 et
1148 1293 1330 1335 donamus,
1377 1295 1495 1329 silvam
1534 1307 1665 1342 quoque
1694 1301 1842 1331 nostram
1876 1307 1979 1342 prope

118 1350 228 1384 villam
258 1353 490 1396 prescriptam,
520 1350 677 1384 videlicet
706 1350 911 1394 Tirnaviam,
940 1354 1035 1385 sitam
1065 1353 1204 1397 singulis
1233 1355 1519 1390 circumferenciis
1549 1361 1579 1390 et
1610 1359 1704 1390 metis
1733 1359 1801 1390 suis
1830 1361 1978 1402 pretacto

118 1413 321 1444 monasterio
342 1415 455 1445 nostre
485 1410 694 1445 fundacionis
723 1411 838 1445 damus
866 1416 1026 1457 perpetue
1047 1412 1245 1458 habendam,
1275 1415 1425 1449 similiter
1454 1427 1528 1450 cum
1553 1416 1669 1462 apibus
1697 1416 1740 1450 ibi
1761 1416 1978 1450 existentibus

117 1482 176 1505 sua
196 1481 256 1517 pro
284 1473 485 1505 necessitate
515 1476 546 1505 et
565 1482 748 1517 pauperum
778 1471 946 1505 hominum
967 1472 1006 1505 ad
1036 1472 1120 1507 idem
1142 1478 1379 1509 monasterium
1401 1480 1626 1522 spectancium
1647 1488 1707 1523 pro
1727 1480 1978 1511 restauracione

118 1530 335 1568 edificiorum.
365 1531 423 1565 sed
443 1531 594 1565 vendere
609 1543 675 1565 non
699 1531 876 1575 debebunt,
897 1532 995 1578 pleno
1015 1532 1160 1568 dominio
1179 1540 1275 1580 prout
1296 1547 1356 1570 nos
1377 1541 1408 1569 et
1437 1542 1671 1571 antecessores
1692 1540 1794 1571 nostri
1816 1541 1979 1571 tenuimus

118 1591 340 1637 possedimus,
370 1596 546 1625 tenuerunt
575 1596 607 1626 et
635 1592 856 1638 possederunt
885 1592 985 1626 nichil
1022 1593 1116 1628 nobis
1146 1599 1177 1628 et
1212 1596 1464 1630 successoribus
1494 1600 1615 1631 nostris
1644 1601 1675 1631 in
1705 1597 1857 1632 omnibus
1894 1609 1978 1644 pre-

117 1654 249 1698 scriptis
278 1656 506 1695 reservantes,
536 1651 606 1686 sola
637 1655 780 1686 tuicione
809 1658 963 1699 excepta,
1003 1665 1066 1699 que
1095 1654 1135 1688 ad
1164 1666 1224 1689 nos
1262 1660 1294 1689 et
1330 1668 1547 1691 successores
1576 1662 1709 1692 nostros
1739 1662 1904 1703 tamquam
1939 1659 1977 1692 ad

117 1723 219 1746 veros
249 1712 442 1746 fundatores
472 1712 654 1746 dinoscitur
681 1713 819 1747 iuridice
848 1717 1037 1759 pertinere,
1084 1720 1225 1761 excepta
1263 1719 1367 1750 eciam
1406 1717 1509 1752 berna
1539 1718 1657 1763 regali,
1687 1730 1783 1764 quam
1824 1719 1918 1753 nobis
1948 1724 1977 1753 et

117 1775 240 1806 nostris
269 1772 522 1807 successoribus
543 1783 771 1816 reservamus,
802 1776 919 1818 viginti
948 1779 1087 1819 quatuor
1106 1787 1245 1820 grossos
1276 1781 1397 1811 tantuin
1419 1778 1458 1812 de
1479 1778 1625 1823 quolibet
1653 1779 1750 1813 laneo
1772 1780 1979 1825 recipiendo.

117 1833 175 1867 sed
212 1832 252 1866 de
291 1832 452 1867 iudicibus
486 1838 583 1879 prout
621 1832 661 1867 ab
700 1836 833 1879 antiquo
872 1838 1022 1880 tempore
1058 1838 1210 1881 recipere
1247 1841 1297 1871 est
1335 1843 1547 1872 consuetum:
1596 1838 1745 1874 dedimus
1783 1840 1979 1873 contulimus

117 1893 316 1928 donavimus
353 1896 600 1938 assignavimus
635 1898 667 1928 et
705 1899 821 1928 tenore
862 1898 1073 1940 presencium
1109 1896 1223 1930 damus
1259 1897 1461 1932 conferimus
1498 1899 1659 1933 donamus
1697 1904 1728 1933 et
1770 1903 1979 1945 assignamus

118 1956 287 2000 perpetuis
307 1953 513 1999 temporibus
532 1953 670 1999 pacifice
700 1959 731 1988 et
752 1957 862 2000 quiete
887 1956 963 1999 jure
993 1956 1108 1989 directi
1137 1956 1270 1990 dominii
1301 1962 1331 1991 et
1352 1962 1575 2004 proprietatis,
1605 1959 1826 1994 decernentes
1847 1972 1863 1993 a
1885 1960 1979 1994 nobis

119 2019 152 2048 et
178 2017 302 2048 nostris
331 2014 585 2049 successoribus
623 2014 763 2049 dominis
792 2015 833 2049 de
863 2014 1003 2050 Crawar
1037 2016 1117 2050 alias
1155 2017 1194 2050 de
1225 2017 1351 2051 Fulnek
1381 2019 1515 2053 easdem
1546 2020 1640 2054 villas
1669 2031 1708 2054 ac
1737 2021 1853 2054 eadem
1893 2020 1977 2054 bona

119 2079 291 2120 prenotata
333 2086 408 2108 cum
450 2074 602 2109 omnibus
645 2086 761 2109 eorum
803 2079 1016 2122 pertinenciis
1059 2076 1180 2110 liberas
1223 2078 1347 2112 solutas
1391 2078 1462 2112 fore
1498 2080 1691 2126 simpliciter
1727 2085 1759 2115 et
1794 2085 1977 2126 exemptas.

118 2135 291 2180 Rogantes
310 2135 543 2169 nichilominus
572 2139 604 2169 in
630 2136 763 2170 domino
785 2147 900 2170 omnes
928 2147 1146 2170 successores
1166 2142 1299 2172 nostros
1329 2139 1480 2173 dominos
1509 2143 1540 2173 in
1561 2140 1690 2174 Fulnek
1711 2146 1743 2174 et
1762 2141 1978 2175 obsecramus

118 2206 178 2241 per
206 2198 338 2229 viscera
375 2196 604 2230 misericordie
643 2196 695 2229 dei
733 2199 849 2239 nostri,
888 2200 1049 2241 quatenus
1087 2200 1191 2243 ipsum
1231 2202 1481 2242 monasterium,
1519 2204 1736 2246 prepositum,
1766 2201 1886 2235 fratres
1916 2201 1977 2234 deo

118 2254 239 2289 ibidem
268 2258 299 2290 in
329 2255 458 2290 fervida
480 2256 667 2290 devocione
696 2255 894 2291 famulantes
914 2256 1169 2290 recomendatos
1198 2257 1353 2301 habeant,
1385 2259 1521 2293 foveant
1541 2265 1571 2293 et
1602 2265 1754 2294 tueantur
1774 2272 1812 2294 ac
1832 2260 1977 2305 benigno

119 2318 249 2361 pietatis
287 2315 405 2350 favore
443 2321 699 2362 prosequantur.
739 2316 890 2350 volentes
935 2319 1024 2362 ipsos
1062 2320 1240 2362 participes
1276 2318 1347 2352 fieri
1385 2323 1529 2353 omnium
1567 2319 1729 2354 honorum
1768 2332 1905 2366 operum
1948 2326 1977 2355 et

120 2379 327 2419 oracionum,
357 2387 420 2422 que
450 2379 481 2410 in
510 2377 628 2411 eodem
659 2379 862 2410 monasterio
891 2379 1018 2410 auctori
1047 2376 1205 2411 altissimo
1234 2385 1448 2423 peragentur.
1478 2379 1593 2413 Eciam
1614 2380 1779 2417 volumus.
1808 2385 1839 2414 ut
1871 2385 1978 2415 testa-

122 2440 267 2470 mentum
297 2436 374 2470 olim
403 2436 524 2471 factum
554 2449 614 2483 per
642 2436 787 2471 nobilem
807 2436 973 2470 dominum
1003 2436 1181 2480 Dirslaum,
1212 2437 1348 2471 fratrem
1370 2444 1517 2473 nostrum
1549 2440 1701 2474 dilectum
1731 2444 1784 2486 pie
1806 2444 1978 2475 memorie.

120 2496 264 2542 qualibet
293 2496 376 2530 feria
397 2497 542 2531 secunda
563 2498 604 2532 de
624 2509 769 2543 vespere
799 2508 871 2530 cum
903 2496 1025 2541 vigilis,
1056 2502 1086 2530 et
1117 2497 1198 2531 feria
1220 2502 1322 2532 tercia
1343 2510 1416 2533 cum
1438 2503 1537 2534 missa
1559 2500 1789 2534 defunctorum
1811 2505 1980 2547 perpetuis

120 2556 323 2602 temporibus
343 2562 535 2603 peragatur,
565 2558 655 2592 velut
676 2557 835 2591 hactenus
865 2562 912 2591 est
934 2561 1115 2602 peractum.
1146 2557 1260 2592 Eciam
1282 2559 1400 2604 prefati
1421 2563 1608 2605 prepositus
1634 2565 1665 2594 et
1685 2560 1805 2595 fratres
1831 2562 1976 2595 eiusdem

121 2619 313 2651 monasterii
341 2622 533 2663 procurent,
563 2618 650 2663 quod
679 2621 778 2652 missa
818 2618 858 2651 de
888 2617 982 2651 beata
1014 2620 1144 2662 virgine
1173 2618 1292 2652 cotidie
1322 2624 1483 2653 cantetur.
1539 2620 1715 2666 Postquam
1745 2625 1852 2655 autem
1889 2625 1976 2655 viam

121 2680 279 2711 universe
308 2680 418 2711 carnis
446 2678 577 2723 ingredi
596 2678 800 2722 vtderemur,
832 2676 974 2723 quolibet
1005 2688 1119 2711 mense
1149 2677 1190 2711 ob
1211 2678 1349 2712 salutem
1379 2683 1486 2713 anime
1508 2685 1620 2714 nostre
1650 2681 1768 2714 eodem
1798 2682 1850 2715 die
1873 2686 1977 2716 nostri
