2336 3074
1034 232 1050 263 ἴ
1086 232 1107 265 5

138 333 278 368 fecimus
307 336 516 368 communiri.
547 333 669 369 Actum
699 339 730 369 et
751 335 861 370 datum
883 335 1044 370 Olomucz
1064 347 1151 370 anno
1172 335 1295 369 domini
1316 335 1489 369 millesimo
1511 338 1748 369 trecentesimo
1770 338 2000 380 octuagesimo

138 405 239 439 nono,
269 393 353 428 feria
383 397 486 429 tercia
516 397 669 440 proxima
698 400 773 442 post
801 401 951 430 sanctum
981 395 1166 430 Nicolaum.

448 472 580 507 (Iuserirt
616 474 643 499 iu
679 475 728 500 der
764 475 1109 509 Bestattigungsurkunde
1145 476 1194 501 (105
1230 476 1378 501 Biscliot'cs
1411 476 1490 507 Paul,
1527 476 1553 500 111
1579 476 1727 501 Absehrift
1764 476 1928 501 vorhanden
1965 476 2001 501 1111

555 525 731 551 Krciusierer
755 526 991 560 Leliensquatern
1016 527 1081 559 111„
1105 527 1124 552 f.
1150 527 1211 562 48.)

1020 672 1128 707 583.

346 773 528 819 Nikolaus,
558 773 709 819 Bischof
733 786 795 809 con
828 775 972 818 Ulmum,
1001 775 1126 820 befreit
1158 776 1212 810 die
1241 775 1345 810 stadt
1374 776 1462 810 Kelc‘·
1492 788 1564 810 com
1593 776 1789 821 Heimfalle.

745 835 802 870 Dc.
833 836 962 880 Mil-au,
990 835 1026 870 8.
1057 836 1249 870 December
1279 836 1389 871 1389.

295 911 341 965 ¹11
370 933 504 964 nomine
525 929 647 964 domini
667 941 775 964 amen.
806 931 875 965 Nos
896 931 1054 966 Nicolaus
1074 936 1137 966 etc.
1159 932 1198 965 ad
1229 936 1423 978 perpetuam
1444 935 1492 966 rei
1521 935 1716 966 memoriam
1743 932 1998 968 notumfacimus

135 996 196 1026 etc.
229 991 265 1026 Si
294 991 536 1026 observancias
565 995 597 1025 et
625 992 883 1025 consuetudines
912 997 1066 1027 servatas
1095 992 1135 1027 ab
1164 996 1298 1038 antiquo
1327 1004 1388 1039 pro
1409 993 1585 1027 commodo
1615 996 1663 1028 eis
1691 996 1858 1027 utencium
1881 997 1999 1028 mutari

135 1055 313 1098 contigerit
341 1052 397 1086 vel
424 1055 457 1086 in
486 1052 602 1086 melius
631 1052 820 1095 reformari,
859 1063 925 1086 non
954 1057 1004 1087 est
1032 1053 1297 1100 reprehensibile
1335 1054 1392 1088 sed
1427 1057 1544 1088 merito
1574 1054 1886 1098 commendandum,
1924 1066 1997 1089 cum

130 1114 206 1157 jura
242 1117 275 1147 et
307 1117 425 1147 statuta
463 1115 652 1146 maturitate
690 1113 818 1158 digesta
858 1124 918 1159 pro
953 1114 1109 1159 qualitate
1141 1114 1291 1148 locorum
1330 1118 1362 1148 et
1399 1125 1620 1160 personarum
1649 1125 1730 1160 sepe
1767 1119 1934 1148 mutentur
1966 1120 1999 1149 et

134 1172 360 1207 reformentur
389 1183 442 1217 eo„
478 1173 564 1219 quod
593 1177 709 1207 natura
740 1184 874 1219 semper
901 1173 1101 1220 deproperat
1131 1185 1238 1209 novas
1267 1174 1369 1209 edere
1404 1174 1529 1209 formas
1558 1179 1589 1208 et
1618 1174 1718 1208 nichil
1747 1178 1788 1210 sit
1816 1178 1848 1209 in
1885 1187 1997 1210 rerum

133 1239 263 1278 natura3
293 1233 379 1280 quod
409 1236 528 1268 inuno
556 1238 641 1267 statu
661 1236 844 1280 persistere
865 1237 988 1280 possit:
1018 1246 1099 1269 sane
1129 1235 1250 1269 dudum
1271 1247 1314 1269 ex
1342 1247 1403 1269 usu
1432 1240 1463 1269 et
1493 1235 1745 1279 consuetudine,
1775 1235 1997 1270 observancia

135 1299 167 1329 et
191 1296 268 1340 jure
306 1299 396 1329 terre
424 1294 484 1328 fuit
512 1294 733 1329 introductum
772 1298 804 1329 in
843 1295 940 1341 opido
974 1300 1089 1330 nostro
1120 1295 1222 1330 Gelcz
1256 1298 1339 1330 sicut
1369 1298 1400 1329 in
1429 1295 1501 1329 aliis
1530 1295 1682 1329 omnibus
1711 1295 1817 1341 opidis
1847 1300 1878 1329 et
1916 1296 1997 1330 10015

134 1358 346 1402 episcopatus
375 1355 520 1389 ecclesie
549 1359 663 1389 nostre
693 1355 939 1400 olomucensis,
969 1368 1067 1403 quum
1093 1359 1164 1402 quis
1193 1359 1315 1402 incepit
1342 1355 1514 1399 infirmari,
1544 1359 1598 1401 qui
1626 1367 1691 1390 non
1713 1355 1825 1390 habuit
1853 1355 1997 1390 heredes

133 1417 301 1462 legitimos
331 1416 384 1450 vel
414 1419 441 1450 si
470 1416 583 1451 habuit
612 1421 644 1450 et
673 1416 805 1450 fuerunt
842 1416 882 1451 ab
912 1429 952 1451 eo
983 1418 1091 1461 divisi‚
1120 1428 1186 1451 non
1223 1419 1326 1463 potuit
1365 1417 1405 1450 de
1443 1416 1538 1451 bonis
1572 1421 1603 1450 et
1640 1416 1740 1450 rebus
1776 1419 1844 1450 suis
1880 1417 1997 1462 legare

134 1478 259 1512 donare
288 1479 403 1511 testari
431 1488 495 1511 nec
515 1477 694 1523 disponere
723 1488 783 1523 pro
812 1477 923 1511 ultima
953 1489 1011 1512 sua
1034 1478 1202 1512 voluntate
1231 1482 1263 1511 et
1292 1481 1365 1523 post
1394 1481 1534 1511 mortem
1565 1488 1657 1512 suam
1686 1477 1772 1511 bona
1801 1488 1861 1523 per
1890 1480 1995 1523 ipsum

134 1538 293 1572 derelicta
313 1537 353 1571 ad
383 1537 646 1583 predecessores
666 1543 799 1572 nostros
828 1541 1004 1585 episcopos
1034 1538 1287 1582 Olomucenses,
1318 1541 1372 1584 qui
1400 1549 1460 1584 pro
1481 1542 1632 1584 tempore
1661 1538 1805 1579 fuerunt,
1835 1540 1995 1583 quociens

134 1603 165 1633 et
194 1598 326 1644 quando
356 1598 429 1632 talis
458 1609 556 1633 casus
585 1602 750 1642 evenerit,
786 1598 908 1633 fuerint
946 1599 1113 1633 devoluta.
1169 1598 1211 1632 Et
1238 1599 1315 1632 licet
1344 1598 1407 1632 1100
1436 1598 1507 1632 aliis
1536 1598 1712 1632 videbatur
1745 1598 1822 1631 utile
1859 1603 1997 1644 propter

135 1659 298 1693 modicum
337 1659 478 1703 lucrum,
517 1663 626 1693 tamen
665 1659 764 1693 multa
803 1660 1012 1694 incommoda
1051 1664 1081 1693 et
1124 1659 1272 1706 pericula
1315 1671 1358 1693 ex
1399 1670 1440 1693 eo
1477 1658 1715 1704 sequebantur,
1752 1663 1849 1704 prout
1887 1658 1998 1692 docuit

134 1722 349 1766 experiencia
387 1720 602 1765 quottidiana,
640 1731 704 1766 que
742 1724 887 1754 omnium
923 1731 1034 1754 rerum
1073 1725 1122 1754 est
1161 1723 1330 1765 magistra.
1387 1718 1471 1753 Nam
1510 1719 1601 1753 multi
1629 1718 1859 1753 habundantes
1896 1718 1997 1752 rebus

133 1780 371 1827 temporalibus
413 1784 445 1814 et
483 1785 638 1815 carentes
666 1780 845 1815 heredibus
882 1781 1038 1826 legitimis
1077 1781 1151 1814 talia
1189 1780 1406 1815 formidantes
1445 1784 1644 1826 receperunt
1683 1780 1857 1813 licenciam
1886 1783 1918 1813 et
1956 1779 1996 1812 ad

132 1841 219 1875 bona
249 1841 387 1875 aliorum
418 1841 626 1875 dominorum
666 1846 697 1875 et
727 1853 744 1875 a
774 1842 856 1875 locis
886 1846 1110 1885 recesserunt‚
1149 1842 1201 1875 alii
1237 1853 1321 1875 vero
1359 1844 1413 1887 qui
1450 1843 1599 1886 graciam
1629 1839 1816 1874 habuerunt
1852 1839 1996 1873 intrandi

133 1901 264 1948 opidum
295 1902 336 1936 de
364 1901 460 1936 bonis
488 1902 616 1945 alienis„
647 1901 851 1936 detestantes
881 1902 978 1935 talem
999 1902 1271 1936 consuetudinem
1301 1904 1333 1935 in
1362 1902 1443 1936 10015
1465 1904 1532 1935 51115
1561 1905 1805 1944 remanserunt,
1835 1901 1888 1934 alii
1910 1911 1995 1934 vero

133 1967 306 1996 manentes
334 1965 366 1996 in
395 1965 466 2008 ipso
496 1962 594 2008 opido
624 1973 675 2006 ea,
715 1974 778 2008 que
807 1962 1004 1996 habuerunt.
1044 1967 1321 2008 consumpserunt
1351 1967 1383 1996 et
1411 1961 1688 2008 dilapidaverunt,
1726 1961 1878 1995 nolentes
1907 1960 1995 2006 quod

132 2023 252 2069 aliquid
283 2023 323 2057 de
351 2022 447 2057 bonis
468 2034 584 2057 corum
613 2027 686 2069 post
706 2027 846 2057 mortem
876 2025 1022 2069 ipsorum
1051 2027 1241 2056 remaneret
1261 2026 1293 2056 et
1321 2026 1369 2057 sic-
1389 2021 1523 2068 quilibet
1551 2033 1617 2056 non
1638 2020 1805 2066 cogitabat
1826 2021 1866 2054 de
1895 2020 1995 2054 rebus

132 2086 201 2117 suis
229 2095 338 2129 neque
358 2083 476 2117 futuris
497 2083 680 2117 commodis
701 2082 936 2130 prospiciebat„
965 2083 1053 2117 unde
1073 2095 1249 2117 commune
1268 2082 1391 2117 honum
1420 2085 1451 2117 in
1471 2085 1542 2129 ipso
1563 2085 1660 2128 periit
1679 2081 1777 2128 opido
1798 2085 1829 2115 et
1854 2080 1996 2115 finaliter

134 2143 299 2189 vergebat
334 2146 367 2177 in
396 2144 662 2177 destruccionem
702 2146 803 2189 ipsius
841 2144 929 2190 opidi
966 2155 1005 2177 ac
1042 2146 1073 2177 in
1111 2145 1328 2190 prejudicium
1368 2149 1399 2177 et
1439 2144 1614 2190 dampnum
1644 2147 1793 2177 nostrum
1823 2145 1855 2176 et
1892 2143 1995 2187 ipsius

133 2207 344 2250 episcopatus
363 2207 469 2238 nostri
490 2203 734 2238 Olomucensis.
765 2203 828 2238 Pro
850 2215 890 2238 eo
910 2215 983 2238 1105.
1014 2215 1095 2250 quos
1116 2204 1293 2238 altissimus
1321 2215 1386 2238 non
1408 2207 1530 2238 nostris
1551 2206 1677 2237 meritis
1696 2205 1757 2249 ipsi
1779 2202 1993 2236 Olomucensi

133 2265 276 2299 ecclesie
295 2276 435 2311 preesse
456 2265 627 2311 disposuit,
648 2265 802 2299 volentes
823 2265 876 2298 tali
898 2264 1014 2299 morbo
1036 2275 1219 2310 congruam
1240 2264 1399 2298 adhibere
1420 2264 1617 2298 medicinam
1639 2274 1678 2296 ac
1698 2274 1759 2296 nos
1780 2261 1993 2296 conformare

127 2327 195 2370 juri
224 2325 337 2359 divino
367 2330 398 2359 et
425 2325 583 2369 humano,
614 2325 655 2359 de
684 2325 822 2359 consilio
852 2327 1071 2359 connivencia
1101 2329 1132 2359 et
1170 2335 1336 2359 consensu
1365 2324 1608 2358 honorabilium
1638 2326 1786 2357 virorum
1826 2327 1887 2356 etc.
1918 2333 1991 2355 cum

132 2386 275 2432 capitulo
305 2397 421 2420 eorum
441 2386 592 2432 generali
622 2386 867 2429 considerante,
898 2386 983 2431 quod
1014 2388 1120 2431 ipsum
1141 2385 1274 2431 opidum
1304 2384 1406 2419 Gelcz
1434 2388 1466 2419 in
1495 2384 1584 2418 bono
1613 2387 1676 2418 situ
1700 2384 1812 2428 jaceat
1833 2387 1864 2416 et
1888 2393 1994 2428 prope

131 2446 252 2480 habeat
281 2447 406 2493 lapides
435 2458 496 2493 pro
525 2458 620 2480 muro
650 2451 680 2480 et
710 2449 815 2480 eciam
844 2457 905 2492 pro
935 2451 1100 2489 cemento‚
1139 2449 1181 2479 ita
1211 2446 1297 2491 quod
1327 2446 1446 2479 levit-er
1476 2455 1569 2478 muro
1598 2446 1702 2490 possit
1731 2445 1867 2479 murari.
1906 2442 1993 2488 quod

134 2512 223 2541 esset
243 2507 320 2541 utile
349 2510 429 2553 ipsis
449 2507 566 2541 incolis
594 2509 698 2553 ipsius
726 2507 790 2541 loci
819 2510 850 2539 et
880 2508 947 2540 suis
975 2509 1094 2540 vicinis
1114 2510 1251 2552 propter
1270 2505 1408 2540 hostiles
1428 2508 1593 2548 incursus,
1624 2506 1678 2550 qui
1697 2506 1768 2537 istis
1789 2501 1993 2549 temporibus

130 2567 203 2614 plus
231 2567 443 2601 invalescere
462 2571 723 2611 consueverunt‚
754 2571 786 2601 et
807 2570 912 2600 eciam
932 2571 966 2600 ut
987 2570 1146 2601 concives
1166 2565 1286 2600 habeat
1316 2568 1423 2611 magis
1442 2565 1582 2599 idoneos
1602 2569 1632 2598 et
1654 2563 1815 2598 habentes
1837 2562 1994 2597 meliores

131 2632 161 2661 et
192 2627 356 2662 forciores
385 2639 424 2661 ao
453 2630 559 2673 ipsum
589 2627 722 2674 opidum
760 2632 908 2661 nostrum
947 2629 979 2660 in
1008 2626 1152 2660 turribus
1188 2630 1218 2659 et
1256 2625 1406 2659 menibus
1444 2624 1621 2671 parchanis
1650 2627 1753 2670 portis
1791 2623 1924 2657 fossatis
1962 2627 1993 2655 et

132 2688 203 2722 aliis
234 2687 528 2722 fortificacionihus
557 2688 595 2722 ad
627 2688 856 2722 defensionem
887 2687 1003 2722 melius
1034 2690 1161 2721 munire,
1190 2686 1323 2719 valeant
1353 2690 1384 2719 et
1414 2684 1559 2729 firmare
1587 2688 1689 2731 ipsius
1719 2684 1806 2730 opidi
1843 2683 1993 2717 custodie

1786 2751 1819 2776 64
