2336 3074
1007 216 1080 249 355

114 321 318 364 reginarum,
353 329 484 352 necnon
512 318 714 364 prelatorum
745 319 905 353 baronum
936 332 974 354 ac
1003 321 1208 365 singulorum
1237 322 1419 355 incolarum
1451 334 1630 367 regnorum
1670 326 1814 369 ipsarum
1854 330 1883 358 et
1924 328 1972 359 eis

114 379 350 413 adhcrencium
380 384 473 425 parte
503 390 546 412 ex
575 379 690 413 altera.
722 379 840 413 habitis
880 386 908 413 et
948 381 1092 414 subortis
1130 393 1233 426 usque
1271 393 1421 427 presens.
1462 383 1693 418 Promittentes
1732 385 1849 418 eadem
1885 385 1971 419 bona

114 439 177 473 lide
205 444 318 473 nostra
348 439 434 473 dicto
463 442 678 473 serenissimo
708 443 846 485 principi
876 441 1008 475 domino
1039 446 1069 475 et
1099 442 1192 475 fratri
1221 453 1260 475 ac
1297 447 1414 487 patruo
1453 448 1566 477 nostro
1605 447 1790 481 carissimo.
1838 446 1971 479 domino

114 499 319 533 Wenceslao
348 499 574 533 Romanorum
604 504 635 533 et
665 499 803 533 Boemie
832 505 916 546 regi.
956 502 1041 547 quod
1072 503 1226 548 quidquid
1256 506 1326 548 ipse
1356 506 1441 537 inter
1469 515 1529 537 nos
1559 509 1715 550 utrasque
1745 510 1855 551 partes
1885 518 1969 552 pre-

113 560 217 594 dictas
245 560 363 594 auditis
392 560 566 605 utrobique
596 563 717 594 nostris
752 562 993 595 intencionilms
1031 563 1327 596 insci-macionibus
1365 565 1510 597 articulis
1548 570 1579 598 et
1618 569 1762 599 motivis.
1799 569 1971 611 signanter

113 631 213 666 super
232 621 382 666 capitulis
403 620 597 665 subscriptis
626 624 818 658 suiniiiariQ
848 622 1003 656 videlicet
1031 634 1132 668 super
1160 626 1374 657 restitucione
1404 629 1436 657 et
1464 624 1679 659 rehabicione
1709 627 1840 660 domine
1866 627 1971 661 Marie

112 683 230 725 regine
258 680 420 725 Ungarie,
456 685 569 714 nostre
599 680 803 725 Sigismundi
838 683 976 727 predicti
1005 683 1209 717 conthoralis
1245 687 1437 722 carissime:
1476 688 1552 718 item
1591 697 1692 731 super
1726 691 1829 720 status
1866 691 1971 721 nostri

114 740 295 774 honorifica
325 746 421 786 prout
450 745 562 774 nostra
592 744 730 786 requirit
768 742 919 776 condicio
958 747 1172 789 provisioneg
1208 747 1285 777 item
1323 756 1424 790 super
1461 745 1555 779 honis
1584 746 1658 782 illis.
1696 758 1759 792 que
1797 752 1871 781 sunt
1910 751 1970 782 sita

113 804 202 834 circa
231 805 336 834 metas
365 802 502 835 Austric
531 805 563 834 et
590 800 744 835 Moravie
773 805 1007 847 assignat-ione
1037 809 1068 837 et
1096 804 1226 837 illorum
1255 804 1417 838 bonorum
1451 805 1553 839 libera
1592 811 1623 840 et
1659 811 1792 852 propria
1829 820 1971 853 posscs-

112 864 228 903 sione·⁷
258 864 334 895 item
364 873 465 907 super
492 866 683 895 nostrorum
713 862 898 896 debitorum
920 867 1167 901 universorum.
1198 868 1334 899 racione
1358 876 1496 910 gwerre
1517 871 1547 899 et
1569 867 1785 901 dissensionis
1805 871 1970 913 presentis

113 927 359 956 contractorum
402 922 556 956 hincinde
598 923 744 968 plenaria
793 924 980 967 solucioue;
1036 928 1112 958 item
1158 937 1259 971 super
1304 926 1486 959 litterarum
1533 932 1721 961 nostrarum
1765 928 1969 973 Sigismundi

112 983 250 1029 predicti
285 994 366 1028 quas
403 983 546 1017 illustres
582 983 794 1017 marchiones
822 984 987 1023 Moravie.v
1030 989 1137 1031 patrui
1170 990 1275 1020 nostri
1313 990 1475 1021 carissimi
1513 999 1613 1033 super
1648 988 1754 1022 bonis.
1799 1000 1861 1034 que
1897 994 1970 1023 suut

112 1046 197 1076 inter
226 1042 359 1076 flumina
387 1043 463 1088 Vag
491 1048 523 1076 et
551 1043 738 1077 Danubium
769 1048 841 1078 sita.
872 1057 889 1078 a
919 1045 1014 1079 nobis
1043 1046 1194 1080 obtinere
1222 1052 1415 1084 noscuntun
1446 1047 1727 1090 confirmacione;
1766 1052 1841 1082 item
1871 1061 1972 1094 super

112 1106 212 1137 certis
240 1103 347 1140 bonis*
395 1115 458 1149 que
496 1103 666 1137 adiutores
703 1107 808 1138 nostri
846 1117 863 1138 a
902 1106 996 1139 uobis
1035 1106 1195 1142 obtinent.
1243 1107 1526 1148 coroboracione;v
1574 1111 1650 1141 item
1688 1120 1788 1154 super
1824 1113 1968 1143 omnium

112 1163 400 1209 displicenciarum
438 1167 535 1208 regni
564 1164 714 1209 Ungarie
750 1166 946 1200 incolarum.
986 1170 1212 1212 cuiuscunque
1249 1172 1354 1201 status
1391 1168 1446 1202 vel
1483 1169 1688 1202 condicionis
1718 1173 1899 1203 extiterint.
1939 1175 1970 1203 et

113 1226 257 1257 omnium
296 1224 435 1257 aliorum
472 1224 511 1258 ad
550 1236 690 1269 regnum
723 1224 874 1269 Ungarie
912 1230 1165 1271 pertinencium.
1221 1239 1301 1273 quas
1339 1240 1384 1262 ex
1418 1240 1472 1264 eo.
1528 1229 1614 1274 quod
1651 1229 1746 1263 nobis
1783 1235 1813 1263 et
1850 1234 1970 1264 nostris

113 1283 316 1318 adiutoribus
345 1284 559 1323 adheserunt‚
597 1296 634 1319 se
663 1288 844 1319 incurrisse
883 1286 1071 1323 formidant.
1110 1289 1208 1333 plena
1246 1294 1278 1322 et
1315 1289 1405 1323 totali
1440 1290 1666 1327 1·elaxacione.,
1706 1295 1737 1323 et
1767 1294 1854 1324 circa
1885 1292 1969 1325 bona

113 1347 345 1390 possessiones
389 1350 421 1378 et
467 1345 670 1379 hereditates
714 1357 830 1380 eorum
875 1352 972 1392 atque
1017 1353 1135 1382 statum
1183 1352 1355 1394 pristinum
1399 1353 1470 1383 iura
1513 1355 1545 1383 et
1578 1351 1835 1384 consuetudines
1873 1355 1968 1396 regni

113 1409 390 1449 conservacione,
429 1411 526 1452 prout
555 1406 617 1439 hec
646 1410 755 1440 onmia
786 1410 816 1441 in
856 1408 999 1441 articulis
1038 1408 1168 1454 prefato
1206 1413 1423 1444 serenissimo
1463 1414 1602 1456 principi
1636 1411 1769 1445 domino
1807 1412 1901 1446 fratri
1939 1418 1970 1445 et

114 1470 228 1511 patruo
257 1471 372 1500 nostro
401 1469 575 1500 carissimo
604 1467 761 1501 exhibitis
791 1472 822 1501 et
853 1468 970 1501 oblatis
1000 1470 1200 1515 capitulatim
1239 1470 1391 1504 distincte
1429 1476 1460 1504 et
1498 1471 1655 1517 specifice
1684 1477 1759 1506 sunt
1794 1484 1968 1518 expressa.

113 1526 276 1560 ordinabit
297 1527 430 1560 dictabit
449 1527 680 1573 pronunciabit
709 1528 809 1562 faciet
838 1529 973 1562 diffiniet
1003 1534 1034 1563 et
1063 1531 1250 1564 concludet.
1286 1532 1373 1576 quod
1408 1531 1470 1565 hoc
1491 1535 1597 1577 ipsum
1627 1533 1780 1566 volumus
1810 1533 1970 1566 debemus

113 1591 145 1620 et
175 1591 326 1620 tenemur
363 1587 489 1633 absque
527 1587 644 1622 fraude
683 1593 714 1621 et
751 1589 827 1622 dolo
867 1594 981 1622 tenere
1021 1590 1133 1624 facere
1169 1591 1350 1636 adimplere
1379 1596 1412 1625 et
1439 1592 1674 1626 inviolabiliter
1702 1593 1899 1627 observare.
1930 1593 1970 1627 Et

113 1647 324 1681 nihilominus
353 1650 384 1681 in
414 1647 565 1682 omnibus
595 1653 627 1681 et
654 1649 793 1693 singulis
822 1649 930 1683 eidem
960 1655 1074 1684 nostro
1103 1654 1259 1695 gracioso
1290 1651 1435 1687 domino.
1465 1652 1557 1686 fratri
1587 1664 1625 1686 ac
1646 1658 1762 1698 patruo
1784 1657 1969 1696 carissimQ

113 1708 246 1741 domino
274 1707 480 1742 W'enceslao
515 1708 742 1742 Romanorum
778 1714 810 1742 et
848 1709 985 1744 Bocmie
1022 1714 1095 1755 regi
1134 1716 1288 1757 tanquam
1327 1712 1515 1746 arbitratori
1553 1713 1717 1747 amicabili
1754 1717 1969 1759 compositori

113 1779 152 1802 ac
181 1767 349 1802 diffinitori
378 1768 441 1802 fide
470 1773 501 1802 et
530 1772 665 1812 virtute,
702 1769 818 1815 quibus
858 1782 968 1816 supra.
1006 1771 1188 1806 deliberate
1217 1777 1249 1806 et
1277 1784 1320 1806 ex
1349 1778 1440 1806 certa
1470 1778 1583 1807 nostra
1621 1777 1779 1810 sciencia.
1820 1775 1970 1808 dedimus

113 1833 145 1862 et
173 1828 288 1862 danius
316 1840 377 1874 pro
405 1834 499 1875 parte
528 1834 641 1863 nostra
671 1835 702 1864 et
731 1834 876 1864 omniun]
908 1831 1002 1865 nobis
1031 1832 1281 1873 adherencium„
1310 1834 1441 1879 plenam
1472 1845 1667 1880 expressam
1690 1839 1721 1868 et
1746 1835 1968 1869 omnimodam

112 1893 321 1934 potestatem„
345 1901 445 1935 super
459 1891 609 1935 capitulis
621 1891 811 1925 etarticulis
830 1893 1027 1937 supradictis
1038 1897 1067 1926 et
1080 1893 1215 1927 easdem
1228 1894 1573 1938 corrigendiaddendi
1592 1896 1760 1929 minuendi
1778 1896 1969 1929 declarandi

113 1949 355 1994 interloquendi
400 1956 431 1983 et
468 1954 573 1984 eciam
609 1951 791 1985 diffiniendi
827 1953 1009 1986 secundum
1044 1964 1175 1986 omnem
1214 1956 1391 1999 equitatem
1431 1959 1463 1987 et
1500 1957 1607 1988 eciam
1643 1959 1825 1991 racionem.
1872 1961 1969 2001 prout

113 2012 207 2054 regio
236 2009 355 2043 honori
384 2021 444 2044 suo
474 2015 503 2044 et
532 2016 660 2045 nostro.
691 2023 750 2045 sue
780 2014 962 2056 majestatis
983 2013 1142 2046 industrie
1161 2013 1328 2047 videbitur
1348 2015 1456 2048 utilius
1476 2014 1648 2049 honestius
1668 2021 1766 2061 atque
1791 2017 1969 2050 ‹lecencius

112 2070 285 2115 expedire„
314 2075 419 2104 ratum
449 2076 581 2115 gratum
610 2071 739 2106 firmum
768 2073 885 2107 stabile
914 2078 944 2106 et
975 2073 1242 2107 incommutabile
1265 2085 1519 2120 permansurum
1541 2079 1770 2121 promittentes
1791 2081 1821 2110 et
1843 2076 1968 2110 habere

112 2130 265 2164 volentes
294 2130 354 2164 sub
383 2131 456 2164 data
496 2131 580 2165 bona
619 2137 731 2166 nostra
771 2133 834 2167 fide
873 2134 1033 2180 predicta,
1071 2134 1226 2179 quidquid
1264 2138 1296 2168 in
1333 2139 1504 2181 premissis
1543 2141 1574 2169 et
1612 2147 1726 2170 eorum
1765 2137 1873 2182 aliquo
1911 2148 1970 2182 per

113 2190 232 2224 dictum
271 2195 520 2225 serenissimum
550 2196 733 2239 principem
772 2197 963 2238 graciosum
989 2199 1136 2227 nostrum
1167 2195 1333 2228 dominum
1363 2195 1499 2229 fratrem
1529 2201 1559 2230 et
1576 2201 1727 2242 patruum
1749 2200 1966 2230 carissimum.

113 2250 280 2284 dominum
300 2251 539 2286 wenceslaum
570 2253 801 2288 Romanorum
831 2260 863 2288 et
892 2254 1030 2288 Boemie
1059 2265 1189 2299 regeint
1219 2255 1340 2289 factum
1371 2256 1573 2290 declaratum
1603 2257 1788 2290 ordinatum
1819 2262 1847 2290 et
1878 2269 1968 2302 quo-

113 2310 293 2344 modolibet
330 2312 427 2345 fuerit
464 2312 648 2347 diffinitum.
705 2313 918 2348 Presencium
957 2314 1016 2348 sub
1054 2319 1243 2349 nostrorum
1282 2315 1485 2361 Sigismundi
1525 2322 1556 2351 et
1590 2317 1708 2351 Jodoci
1743 2318 1966 2363 predictorum

111 2371 227 2415 sigillis
256 2374 444 2406 testimonio
473 2373 667 2407 litterarum.
699 2374 818 2408 Datum
849 2378 879 2408 in
910 2378 1034 2420 campis
1063 2386 1168 2421 prope
1198 2375 1383 2413 Jaurinum.
1413 2388 1499 2411 anno
1531 2377 1653 2411 domini
1691 2378 1863 2411 millesimo
1894 2382 1967 2411 tre-

113 2434 295 2465 centesimo
325 2436 553 2477 octuagesimo
582 2440 691 2472 sexto.
722 2436 774 2469 die
803 2435 976 2468 undecima
1008 2438 1130 2468 mensis
1159 2436 1247 2470 Maii.

423 2520 513 2555 (Orig.
538 2522 620 2556 Perg,
655 2523 672 2548 2
705 2523 732 2548 h.
764 2522 821 2556 sig.
854 2523 889 2547 iiu
922 2522 948 2546 k.
981 2522 1007 2546 k.
1039 2522 1102 2555 geli.
1134 2523 1236 2555 Haus-‚
1268 2524 1341 2549 Hof-
1373 2525 1430 2550 und
1460 2525 1688 2556 Staatsarcbiveq
1727 2526 1795 2551 zwei
1828 2526 1968 2551 vidimirto

524 2572 708 2599 Abschriften
734 2574 825 2599 dieser
854 2574 990 2599 Urkunrle
1017 2574 1149 2599 befiudeu
1176 2575 1235 2600 sich
1260 2575 1289 2600 in
1313 2576 1366 2601 den
1386 2577 1702 2610 Bestiitigungslibellen
1720 2578 1768 2602 der
1785 2577 1967 2602 stiindiselwn

526 2624 698 2658 Privilegien
723 2634 778 2650 von
804 2626 856 2650 den
881 2625 908 2651 J.
938 2626 1016 2650 1615
1042 2634 1067 2650 u.
1096 2626 1175 2651 1782>
1200 2626 1236 2651 im
1262 2627 1349 2652 miilir.
1374 2628 1614 2653 Landesarchive.
1645 2644 1686 2646 —
1717 2628 1901 2662 Abgedruckt
1933 2629 1969 2653 ist

526 2676 570 2701 die
594 2676 731 2702 Urkuude
756 2677 783 2701 iu
808 2677 889 2701 Balb.
916 2677 984 2701 Dee.
1008 2676 1071 2704 Lib.
1099 2678 1124 2701 δ’.
1149 2677 1212 2702 Vol.
1238 2678 1260 2703 I.
1283 2687 1311 2712 p.
1339 2679 1420 2713 177.)

1763 2737 1812 2762 45÷
