2336 3074
972 257 976 258 ἶ
1004 203 1075 238 127

108 311 149 344 de
186 310 370 353 Ρο111510111ἦ
409 307 551 343 Sezama
595 308 635 341 de
674 308 906 352 chissovicz,
936 309 1139 354 XVayncone
1177 310 1217 343 (10
1254 309 1455 346 Ρο1011510111.
1497 310 1681 356 Gyinramo
1721 310 1762 343 de
1795 309 1971 353 Jacuhow,

107 370 253 405 Jesconc
282 370 369 404 dicto
398 369 503 403 Pusca
533 369 572 402 de
610 368 798 412 Richwald,
828 368 1000 403 Ratiborio
1039 369 1079 403 de
1108 368 1361 413 Missliborzicz‚
1401 370 1498 403 Petro
1537 371 1577 404 de
1616 370 1767 404 Rossicz.
1809 370 1972 416 Smylone

109 431 149 465 de
178 431 341 465 LestnicZ.

419 501 562 535 (Briiuner
586 499 763 534 Laudtafel.)

996 593 1097 629 139.

108 697 184 731 Der
212 697 428 730 Prolmrator
456 697 515 730 des
536 696 1047 731 Pramonstratenser-Ordens
1068 696 1255 739 bestc't'ttiqt,
1276 697 1358 729 (lass
1379 697 1439 729 der
1461 696 1618 730 Bruelrer
1639 696 1780 740 Prosess
1803 696 1971 730 Nicolans

209 758 283 791 dem
312 757 470 791 Bruclfer
499 757 642 790 Kloster
671 759 769 790 einen
806 755 1030 801 lVeinyarteu
1062 758 1093 790 iu
1124 756 1296 790 Sekattau
1325 768 1387 789 zm·
1416 756 1538 790 Pe'lanz
1565 757 1744 800 yewe‘dmct
1772 756 1870 791 habe.

693 817 749 850 Dt.
782 817 837 851 Kt.
868 817 986 851 Brucla
1016 816 1074 851 16.
1104 817 1238 850 Jc'inner
1268 816 1377 850 1379.

264 893 458 947 Universis
487 917 662 958 presentes
691 912 817 946 litteras
846 914 1046 957 inspecturis
1068 911 1172 945 frater
1191 911 1364 945 Johannes
1393 911 1432 945 de
1454 912 1616 945 Avisiaco
1638 914 1819 944 canonicus
1841 910 1971 944 humilis

107 973 252 1007 ecclesie
280 976 608 1019 111011101151131011515,
638 976 836 1018 procurator
865 974 967 1018 ipsius
996 971 1121 1005 ordinis
1150 975 1311 1017 vicesque
1340 983 1464 1016 gerens
1494 972 1765 1005 reverendissimi
1788 974 1817 1004 in
1840 970 1971 1004 Christo

107 1036 210 1079 patris
239 1045 277 1067 ac
307 1033 442 1076 domini,
472 1033 596 1067 domini
624 1032 786 1067 Johannis
816 1032 867 1066 dei
906 1037 938 1066 et
966 1032 1150 1077 apostolice
1179 1032 1268 1066 sedis
1305 1034 1419 1076 gracia
1459 1031 1586 1065 abbatis
1625 1032 1768 1064 ecclesie
1808 1042 1971 1076 premon-

107 1097 281 1128 stratensis
310 1093 471 1139 prelibate
500 1093 639 1127 salutem
668 1096 700 1126 in
721 1093 854 1126 domino
875 1095 1123 1138 sempiternam.
1154 1092 1338 1135 Noveritis‚
1360 1092 1445 1137 quod
1468 1103 1581 1125 coram
1602 1091 1697 1125 nobis
1718 1090 1970 1136 venerabilique

108 1158 201 1200 patre
229 1181 266 1188 ..
297 1154 430 1188 domino
469 1153 587 1187 abbate
624 1153 747 1187 Montis
786 1152 867 1187 Sion
911 1153 992 1186 alias
1031 1152 1283 1187 Strahoviensis
1321 1164 1360 1186 ac
1401 1155 1514 1198 priore
1552 1157 1583 1185 et
1621 1156 1789 1185 conventu
1828 1151 1972 1184 ecclesie

107 1214 268 1248 Lucensis
309 1217 413 1248 nostri
450 1213 588 1256 ordinis7
627 1213 860 1248 Olomucensis
899 1214 1054 1252 diocesis.
1093 1214 1315 1259 personaliter
1353 1215 1551 1246 constitutus
1589 1212 1692 1245 frater
1738 1211 1896 1245 Nicolaus
1932 1211 1972 1244 de

107 1275 257 1309 Jemnicz
287 1278 389 1320 ipsius
418 1275 562 1308 ecclesie
592 1277 774 1308 canonicus
803 1277 1015 1318 recognovit.
1046 1285 1082 1307 se
1112 1284 1172 1319 pro
1201 1274 1307 1307 salute
1337 1276 1445 1306 anime
1474 1284 1534 1306 suc
1564 1283 1768 1317 suorumque
1797 1276 1971 1317 parentum

109 1338 241 1369 vineam
270 1347 368 1368 unam
398 1338 430 1369 in
459 1335 621 1369 Schataw
650 1338 745 1369 sitam
766 1335 899 1368 dedisse
929 1339 958 1367 et
981 1334 1233 1368 eleinosinasse.
1256 1334 1342 1367 dedit
1373 1338 1404 1366 et
1425 1333 1656 1366 elemosinavit
1678 1335 1709 1365 in
1730 1344 1808 1365 usus
1829 1334 1972 1377 pltancie

109 1396 246 1429 fratrum
289 1396 375 1429 dicte
418 1396 562 1429 ecclesie
601 1395 761 1429 Lucensis
799 1399 960 1440 perpetuo
998 1394 1234 1440 possidendam
1272 1393 1398 1438 absque
1446 1395 1675 1435 revocacione
1707 1394 1970 1437 quaviscunque.

108 1458 330 1490 renunccians
359 1455 511 1489 omnibus
536 1455 680 1499 juribus,
710 1466 774 1500 que
803 1458 833 1488 in
865 1455 950 1488 dicta
979 1457 1078 1488 vinea
1109 1454 1234 1487 habere
1252 1452 1440 1487 'videbatui-
1469 1458 1500 1486 et
1530 1452 1671 1486 habebat
1703 1463 1761 1485 seu
1779 1451 1971 1496 quomodo-

108 1516 185 1550 libet
215 1516 341 1550 habere
369 1520 512 1561 poterat.
542 1516 731 1561 supplicans
761 1515 868 1548 nobis.
899 1519 1061 1559 quatenus
1091 1517 1194 1559 ipsam
1226 1514 1445 1547 donacionem
1476 1524 1570 1546 suam
1600 1517 1630 1546 et
1652 1513 1969 1545 010111051113010110111

109 1579 306 1610 auctoritate
336 1575 458 1609 domini
486 1578 803 1621 premonstratensis
833 1579 863 1608 et
894 1575 1026 1620 capituli
1055 1574 1224 1618 generalis
1262 1576 1293 1606 in
1331 1573 1500 1618 predictos
1537 1584 1616 1606 usus
1652 1574 1795 1617 pitancie
1834 1571 1971 1604 fratrum

109 1636 308 1670 confirmare
338 1636 565 1680 dignaremur.
597 1634 697 1668 Cuius
726 1634 846 1668 bonam
877 1634 1080 1668 voluntatem
1111 1634 1363 1668 considerantes
1394 1633 1515 1666 fratres
1545 1633 1621 1666 dicti
1650 1636 1836 1665 conventus
1857 1642 1900 1664 ex
1921 1634 1971 1664 sui

107 1697 339 1731 benivolencia
370 1699 572 1741 proprioque
609 1700 699 1728 motu
737 1706 775 1728 ac
813 1694 940 1728 abbatis
978 1698 1028 1729 sui
1065 1695 1205 1728 licencia
1243 1694 1421 1728 voluerunt
1455 1698 1488 1727 et
1525 1693 1776 1726 ordinaverunt.
1807 1691 1894 1736 quod
1929 1702 1973 1724 cx

108 1756 314 1803 profectibus
343 1761 375 1790 et
404 1756 634 1789 emolumentis
664 1767 681 1788 a
719 1755 804 1788 dicta
843 1758 941 1788 vinea
972 1754 1245 1800 provenientibus
1284 1754 1430 1800 quolibet.
1465 1764 1552 1787 anno
1591 1755 1623 1785 in
1658 1751 1785 1785 duobus
1824 1754 1972 1784 terminis

109 1820 213 1853 sancti
243 1816 381 1861 Georgii
412 1816 567 1850 videlicet
597 1820 628 1849 et
657 1818 762 1849 sancti
790 1815 988 1849 Michahelis
1018 1815 1122 1849 dictus
1152 1814 1266 1857 frater³
1295 1814 1449 1860 quamdiu
1478 1816 1580 1847 vitain
1602 1812 1731 1845 duxerit
1755 1814 1785 1844 in
1806 1811 1970 1844 humanis.

109 1888 170 1924 pro
198 1877 312 1911 usibus
341 1879 408 1910 suis
437 1877 534 1910 licitis
563 1880 595 1909 et
624 1875 772 1909 honestis
802 1879 939 1921 recipiat
975 1876 1056 1909 duas
1086 1886 1216 1908 marcas
1254 1886 1328 1907 eum
1367 1874 1509 1907 fertone.
1540 1883 1687 1906 marcam
1724 1882 1796 1905 cum
1832 1871 1971 1904 fei-tonis

110 1938 219 1972 medio
249 1937 406 1972 videlicet
434 1939 466 1970 in
495 1936 580 1970 festo
617 1939 721 1969 sancti
760 1935 898 1980 Georgii
934 1940 963 1969 et
1003 1935 1137 1969 totidem
1176 1938 1208 1967 in
1246 1934 1331 1968 festo
1368 1936 1473 1966 sancti
1508 1932 1706 1966 Michalielis
1744 1931 1970 1975 subsequenti.

109 1998 292 2032 adicientes
320 2008 356 2031 se
386 1999 653 2031 anniversarium
683 1996 767 2029 diem
798 1998 886 2029 omni
916 2007 1001 2029 anno
1038 1995 1185 2028 facturos
1214 1997 1285 2040 ipso
1316 1994 1485 2027 dumtaxat
1515 1992 1554 2026 ab
1585 1992 1647 2025 hoc
1686 2003 1826 2036 nequam
1858 1991 1971 2024 seculo

109 2059 276 2101 revoluto7
306 2068 366 2103 pro
395 2060 467 2103 ipso
496 2059 665 2102 ipsiusque
695 2060 868 2101 parentum
898 2055 1091 2097 animabus3
1122 2055 1346 2100 supplicantes
1367 2057 1471 2087 eciam
1502 2052 1609 2088 nobis.
1640 2056 1802 2097 quatenus
1823 2051 1972 2096 predicta

109 2121 219 2152 omnia
249 2122 281 2151 et
309 2117 438 2161 singula
468 2128 599 2150 necnon
629 2119 736 2149 omnia
768 2120 797 2149 01
829 2116 957 2160 singula
988 2119 1144 2149 contenta
1173 2117 1204 2147 in
1240 2115 1355 2149 literis.
1387 2113 1504 2158 quibus
1533 2117 1647 2146 nostre
1685 2116 1860 2157 presentes
1897 2115 1971 2143 sunt

110 2178 223 2221 infixe,
253 2177 465 2220 confirmare„
495 2188 663 2211 renovare
693 2188 731 2209 30
760 2179 866 2210 eciam
896 2175 1084 2221 approbare
1113 2178 1310 2208 auctoritate
1340 2185 1402 2218 qua
1433 2184 1531 2218 snpra
1562 2172 1800 2216 dignaremur.
1831 2170 1967 2203 ulterius

109 2250 230 2285 preces
257 2237 412 2284 precibus
441 2237 639 2270 cumulando
669 2241 828 2281 rogantes
858 2241 888 2269 et
918 2239 978 2281 piis
1007 2234 1308 2280 supplicacionibus
1337 2237 1404 2267 suis
1434 2232 1663 2266 obsecrantes.
1694 2235 1855 2276 quatenns
1886 2230 1972 2263 bona

111 2298 243 2333 mobilia
271 2310 331 2332 seu
360 2297 551 2341 immobilia.
572 2308 705 2340 census,
727 2297 874 2330 redditus
905 2300 935 2329 et
965 2300 1148 2341 proventus
1177 2295 1274 2328 bladi.
1305 2296 1385 2336 vini.
1416 2293 1479 2326 olei
1510 2292 1715 2335 aliorumque
1745 2290 1909 2323 fructuum
1932 2290 1971 2322 ad

111 2359 230 2393 dictam
260 2361 436 2404 pitanciam
465 2369 558 2392 503111
588 2360 829 2403 pertinencium
869 2356 1055 2390 habitorum
1086 2360 1116 2388 et
1156 2354 1383 2388 habitui-orum
1422 2352 1476 2386 vel
1512 2350 1740 2385 habendorum
1779 2349 1971 2395 quomodo-

111 2430 242 2464 cunque
271 2423 303 2452 et
331 2418 581 2463 quibuscunque
610 2417 798 2451 nominibus
827 2420 1069 2461 nuncupentur.
1092 2415 1152 2449 sub
1182 2413 1442 2449 condicionibus.
1473 2414 1576 2457 pactis
1607 2415 1637 2444 et
1658 2413 1751 2455 penis
1772 2413 1803 2443 in
1824 2410 1972 2455 predicta

110 2479 205 2513 lit-era
235 2481 398 2513 contentis
427 2481 545 2511 iterato
575 2477 787 2520 conlirmare‚
818 2481 888 2510 rata
919 2476 1044 2509 habere
1074 2480 1103 2509 01
1134 2474 1333 2520 311111011310,
1364 2477 1458 2519 prout
1489 2482 1600 2517 supra.
1632 2470 1858 2515 dignaremur.
1902 2469 1972 2503 Nos

111 2541 211 2583 igitur
240 2541 332 2573 iustis
360 2537 580 2584 peticionibus
609 2549 724 2571 00111111
762 2537 943 2581 benignum
973 2536 1125 2569 volentes
1154 2534 1298 2581 prebere
1328 2543 1527 2567 consensum
1566 2533 1693 2576 pariter
1728 2535 1759 2563 et
1798 2540 1972 2564 assensum

112 2601 308 2633 auctoritate
337 2599 459 2632 domini
487 2600 805 2644 premonstratensis
835 2602 865 2630 et
904 2595 1035 2642 capituli
1064 2594 1244 2639 generalis,
1275 2605 1337 2639 qua
1376 2592 1555 2637 fungimur.
1586 2595 1616 2625 in
1647 2591 1709 2624 bac
1749 2594 1842 2636 parte
1881 2592 1971 2635 peti-

111 2662 242 2693 cionem
271 2659 401 2693 illorum
430 2659 584 2693 duximus
612 2656 862 2692 adiudicandam
894 2657 977 2691 fore.
1000 2655 1247 2697 confirmantes7
1268 2653 1492 2700 approbantes
1521 2664 1559 2686 ac
1588 2657 1657 2685 rata
1680 2651 1840 2684 habentes
1861 2653 1971 2683 omnia
