2336 3074
1225 207 1298 240 ⁴94

331 316 445 361 quibu<
476 318 543 360 ipsa
575 317 684 359 quinta
707 317 758 346 aut
791 324 866 358 pars
895 313 967 356 ejus
994 312 1102 351 legata
1124 316 1185 347 est,
1217 310 1299 344 iufra
1322 315 1389 344 tres
1411 321 1544 344 meuses
1565 313 1721 344 coiitiimc
1742 321 1778 344 sc
1798 314 1989 356 sequentes,
2019 314 2191 356 postquam

331 377 445 409 eadem
476 378 586 420 «plinta
619 385 695 419 pars
727 378 836 406 taxata
868 373 977 409 fuerit,
1017 377 1046 406 ut
1078 372 1258 418 prefertur.
1295 382 1368 405 cum
1406 371 1525 405 cll'cctu
1564 371 1644 404 darc
1679 375 1711 404 ct
1751 370 1958 415 integraliter
1996 370 2193 416 persolvere

331 436 528 470 tenebuntur
558 440 587 467 et
611 433 774 467 debebunt
806 433 1077 467 contradict-imu-
1106 432 1249 478 qualibet
1275 443 1340 466 non
1361 431 1524 466 obstante.
1556 431 1682 465 Verum
1704 433 1778 477 quia
1799 442 1880 477 sepe
1901 434 2074 476 contingit,
2104 431 2190 477 quod

331 497 473 531 nonnulli
513 494 614 541 proeli
654 495 748 528 dolor
787 496 967 540 improvisa
999 505 1037 527 ac
1067 493 1243 527 celerrima
1279 497 1384 526 morte
1421 493 1651 531 succumbunt,
1691 504 1732 527 uc
1771 497 1880 526 tamen
1919 503 2034 526 corum
2073 495 2193 536 anime,

332 569 389 603 pro
419 556 503 601 quod
516 556 553 594 *l
583 555 645 588 deo
675 557 823 601 propicio
853 557 1008 588 viventes
1039 557 1068 587 in
1108 554 1171 587 boc
1200 554 1314 588 seculo
1343 553 1382 587 ad
1413 553 1552 588 salutem
1583 564 1674 587 suain
1706 553 1904 596 babuerunt,
1934 553 2101 587 desiderio
2132 555 2195 587 sint

331 621 471 664 prixate.
502 616 656 649 volumus
685 618 858 649 statuimus
887 615 1102 649 concedimus
1131 619 1161 648 et
1192 617 1298 648 eciam
1327 614 1520 648 ordinamus
1549 625 1609 660 pro
1631 613 1726 648 nobis
1746 619 1778 648 et
1798 613 2052 648 successoribus
2072 616 2194 648 nostris

332 682 573 724 inperpetuum.
611 677 696 722 quod
733 677 772 710 ad
810 676 996 710 faciendum
1037 680 1067 709 ct
1106 675 1302 709 solvendum
1341 679 1573 709 testamentum
1611 686 1671 721 pro
1714 674 1821 708 taliter
1865 677 2001 708 mortuis
2039 673 2193 708 videlicet

331 741 579 772 estimat-ionem
610 742 639 771 ct
670 742 781 771 taxam
811 740 923 783 quinte
953 739 1054 782 partis
1084 735 1245 770 bonorum
1276 739 1528 782 posscssionum
1560 740 1592 769 et
1622 746 1733 769 rerum
1763 735 1954 768 relictarum
1990 736 2122 777 mortui,
2162 738 2194 769 ut

331 798 508 845 prefertur.
539 800 763 844 proximiores
792 797 936 831 licrcdes
965 808 1039 831 cum
1069 797 1189 831 cll'ectu
1218 797 1410 843 persolvant
1441 796 1594 831 ecclesiis
1624 795 1750 830 fabrice
1779 795 2016 830 ecclesiasticis
2041 797 2195 841 personis

332 864 361 893 et
392 859 473 892 locis
509 859 595 892 dicte
624 861 767 892 civitatis
795 858 977 892 secundum
1007 858 1181 892 consilium
1211 860 1357 904 episcopi
1388 857 1635 900 Olomucensis,
1673 859 1727 902 qui
1765 867 1825 902 pro
1855 861 2006 902 tempore
2036 856 2135 890 fuerit
2163 860 2195 890 et

331 925 426 966 prout
471 922 682 953 consciencie
717 930 777 953 suc
813 930 873 964 pro
909 923 1017 953 anime
1059 919 1205 953 defuncti
1243 919 1391 952 remedio
1429 917 1596 952 videbitur
1632 916 1796 951 salubrius
1835 917 2007 963 expedire.
2056 916 2196 964 Insuper

332 981 503 1015 adicimus.
540 980 624 1026 quod
655 983 681 1013 si
720 983 792 1026 quis
828 979 928 1014 lieres
963 983 1148 1026 proximior
1185 980 1323 1014 alicuius
1358 978 1503 1013 defuncti
1543 978 1631 1012 dicte
1666 980 1809 1012 civitatis
1848 981 1962 1012 nostre
1992 976 2194 1013 Budiscbaw

332 1054 396 1076 uon
413 1046 603 1088 acceptaret
625 1046 709 1075 etse
731 1044 961 1075 intromitteret
984 1041 1136 1075 debonis
1156 1040 1425 1087 possessionibus
1446 1044 1477 1073 et
1497 1038 1597 1074 rebus
1618 1039 1764 1073 defuncti
1785 1041 1869 1073 civis
1890 1037 2196 1072 Budiscbawicnsis

333 1103 416 1136 infra
447 1103 585 1136 duorum
617 1105 779 1135 mensium
809 1105 956 1148 spacium
986 1106 1059 1148 post
1089 1101 1212 1135 obitum
1243 1102 1317 1135 dicti
1348 1100 1494 1135 defuncti
1524 1105 1556 1135 et
1585 1111 1651 1134 non
1673 1100 1800 1134 faceret
1820 1099 2040 1133 residcnciam
2062 1099 2194 1134 civilem

333 1168 363 1197 et
393 1163 602 1209 personalem
633 1166 663 1196 iu
695 1162 811 1196 eadem
841 1165 977 1196 civitate
1006 1167 1131 1201 nostraq
1157 1164 1232 1207 jura
1262 1164 1481 1196 necessitates
1511 1166 1540 1195 et
1572 1172 1675 1195 onera
1705 1163 1848 1195 civitatis
1869 1164 2028 1194 consucta
2049 1164 2082 1194 ct
2101 1159 2195 1194 solita

333 1228 542 1270 supportaret
574 1229 604 1258 et
634 1227 819 1270 prescripte
848 1228 963 1257 nostre
992 1226 1223 1257 constitucioui
1253 1223 1460 1257 ordinacioni
1490 1227 1520 1256 et
1549 1225 1665 1267 gracie
1693 1233 1759 1256 uon
1785 1225 1945 1265 uteretur„
1975 1225 2072 1267 prout
2097 1232 2196 1267 supra

334 1285 524 1319 distinccius
554 1290 603 1319 est
633 1295 844 1332 expressuuu
875 1288 997 1318 extunc
1027 1284 1100 1318 talis
1128 1286 1314 1330 proximior
1343 1283 1442 1318 heres
1472 1284 1525 1318 vel
1556 1283 1700 1318 heredes
1729 1286 1836 1317 statim
1868 1286 1943 1328 post
1972 1282 2098 1328 lapsum
2121 1281 2196 1316 dicti

335 1349 505 1392 temporis.
545 1346 620 1380 dum
650 1351 759 1380 tamen
795 1345 836 1379 de
874 1345 927 1378 tali
966 1356 1024 1379 sua
1062 1345 1232 1379 voluntate
1269 1347 1453 1379 constiterit
1483 1344 1537 1379 vel
1567 1344 1653 1378 l'acta
1683 1343 1781 1377 fucrit
1810 1342 1895 1377 bona
1926 1342 2020 1386 fides,
2050 1345 2197 1390 presenti

335 1412 448 1441 nostro
477 1407 656 1453 privilegio
687 1410 891 1453 inposterum
921 1417 987 1440 non
1016 1405 1220 1451 gaudebuut,
1249 1405 1306 1440 sed
1336 1405 1423 1440 bona
1454 1405 1598 1440 defuncti
1629 1405 1668 1439 ad
1694 1415 1754 1439 nos
1775 1409 1807 1438 et
1827 1415 2044 1439 successores
2064 1408 2197 1446 nostros

336 1471 512 1514 episcopos
542 1467 799 1505 Olomucenses„
838 1470 891 1513 qui
920 1478 980 1514 pro
1011 1471 1160 1513 tempore
1190 1466 1323 1509 fuerint,
1363 1478 1439 1501 csse
1468 1466 1588 1501 debent
1619 1465 1724 1500 libere
1753 1465 1910 1500 devoluta
1935 1467 2030 1510 juxta
2070 1475 2196 1499 morem

332 1531 386 1573 jus
417 1533 446 1563 et
477 1529 750 1563 consuetudinem
780 1540 841 1575 per
873 1528 1137 1575 predecessores
1175 1532 1308 1561 nostros
1345 1530 1523 1573 antiquitus
1561 1527 1774 1569 observatos,
1812 1526 1906 1561 salvo
1942 1536 2075 1572 semper
2112 1525 2199 1571 quod

336 1593 445 1635 quinta
476 1601 553 1635 pars
583 1589 745 1623 bonorum
777 1589 935 1624 defuncti.
965 1591 1049 1623 sicut
1078 1591 1287 1634 premittitur,
1326 1599 1386 1634 pro
1416 1590 1524 1622 anime
1554 1587 1728 1621 cuiuslibet
1765 1586 1909 1620 defuncti
1944 1586 2094 1621 remedio
2123 1597 2197 1620 cum

337 1651 454 1684 ellectu
486 1651 582 1684 detur
611 1655 641 1684 et
670 1654 736 1684 tam
766 1661 826 1696 per
854 1661 916 1684 nos
945 1660 1042 1695 quam
1072 1660 1132 1695 per
1161 1659 1378 1683 successores
1407 1653 1540 1683 nostros
1570 1651 1642 1682 sine
1680 1648 1904 1682 diminucione
1942 1647 2078 1682 realiter
2115 1657 2196 1693 per-

336 1711 495 1745 solvatur.
553 1711 587 1745 In
626 1722 765 1756 quorum
803 1713 1027 1744 testimonium
1065 1714 1214 1743 nostrum
1253 1709 1395 1754 sigillum
1440 1721 1503 1743 una
1543 1720 1616 1743 cum
1660 1709 1769 1754 sigillo
1808 1708 1884 1742 dicti
1920 1707 2052 1755 capituli
2095 1709 2199 1742 nostri

338 1772 570 1805 Olomucensis
612 1770 823 1817 presentibus
859 1775 931 1805 sunt
971 1781 1142 1817 appressa.
1182 1769 1223 1803 Et
1259 1781 1320 1804 nos
1358 1770 1516 1804 Andreas
1556 1770 1714 1813 decanus„
1753 1769 1896 1804 Mathias
1934 1771 2122 1815 prepositus
2161 1779 2200 1802 ac

338 1832 512 1878 capitulum
544 1832 687 1866 ecclesie
717 1832 950 1866 Olomucensis
979 1834 1152 1878 premissis
1180 1834 1390 1865 concessioni
1421 1831 1596 1865 donacioni
1626 1835 1747 1865 statuto
1777 1834 1809 1864 et
1832 1832 1948 1874 gracie
1969 1831 2199 1863 consensimus

338 1898 368 1926 et
398 1892 608 1939 presentibus
645 1895 882 1926 consentimus.
930 1891 972 1925 Et
1009 1895 1039 1925 in
1075 1891 1207 1925 roboris
1236 1890 1422 1925 firmitatem
1452 1896 1612 1937 perpetue
1643 1891 1832 1925 duraturam
1862 1902 1902 1924 ac
1931 1890 2071 1924 evidens
2101 1892 2200 1924 testi-

339 1956 482 1986 monium
525 1956 765 1999 premissorum
803 1957 980 1998 presentes
1022 1952 1136 1986 literas
1179 1953 1287 1997 sigillo
1325 1955 1429 1986 nostri
1469 1953 1601 1998 capituli
1637 1963 1711 1986 cum
1749 1952 1858 1997 sigillo
1895 1951 1971 1985 dicti
2009 1950 2131 1984 domini
2170 1954 2201 1984 et

336 2017 437 2060 patris
465 2016 568 2047 nostri
603 2013 725 2047 domini
756 2013 884 2047 Nicolai
913 2016 1061 2059 episcopi
1091 2013 1325 2047 Olomucensis
1346 2013 1386 2047 de
1407 2018 1498 2047 certa
1519 2018 1633 2047 nostra
1655 2015 1802 2048 sciencia
1822 2011 1962 2046 fecimus
1989 2013 2197 2045 communiri.

336 2074 456 2108 Actum
488 2078 519 2107 et
551 2073 660 2107 datum
693 2074 852 2107 Olomucz
882 2084 969 2107 anuo
999 2073 1123 2107 domiui
1151 2073 1325 2108 millesimo
1355 2077 1591 2109 trecentesimo
1612 2075 1842 2118 octuagesimo
1863 2082 1964 2115 nono,
1994 2071 2076 2105 feria
2098 2073 2199 2105 tercia

337 2138 488 2180 proxima
519 2138 593 2180 post
621 2139 771 2168 sanctum
802 2134 988 2168 Nicolaum.

653 2214 743 2247 (tn-ig.
770 2214 850 2244 l'ergs.
877 2214 893 2238 ·2
919 2223 954 2238 :tu
980 2214 1268 2247 l'ergameutstreifen
1293 2214 1378 2248 liiiug.
1403 2214 1460 2246 Sia.
1486 2214 1522 2239 iui
1547 2213 1698 2240 fiirstcrzb.
1725 2212 1848 2238 Archive
1874 2212 1900 2236 iu
1927 2211 2093 2245 Kreinsicr.)

1225 2333 1330 2369 579.

485 2420 667 2461 λ’(ἸιόΙααε,
697 2420 849 2464 Bz'schof
872 2431 935 2453 von
969 2419 1111 2453 Olmiilz.
1142 2419 1266 2464 [κβ-εἰῇ
1294 2420 1347 2454 die
1377 2419 1480 2453 Statu
1509 2418 1735 2462 Brctmzsbery
1764 2428 1838 2451 vom.
1869 2416 2066 2461 Heimfalle.

945 2479 1002 2513 Dt.
1037 2480 1179 2521 Obuius,
1211 2480 1242 2512 7.
1275 2479 1466 2514 December
1497 2479 1607 2514 1389.

508 2530 553 2583 ln
582 2553 716 2583 nomine
753 2550 876 2583 domiui
912 2561 1020 2583 amen.
1076 2548 1146 2583 Nos
1179 2548 1336 2582 Nicotaus
1373 2549 1425 2582 dei
1464 2553 1494 2583 et
1530 2547 1713 2594 apostolice
1748 2547 1837 2581 sedis
1872 2549 1986 2592 gracia
2026 2548 2203 2592 episcopus

346 2611 576 2644 olomucensis
605 2610 644 2643 ad
674 2614 866 2656 perpetuam
898 2613 945 2643 rei
975 2612 1169 2643 memoriam
1203 2608 1459 2643 notumfacimus
1489 2613 1604 2642 tenore
1633 2611 1842 2654 presencium
1873 2609 2050 2641 universis.
2107 2604 2147 2639 Et
2177 2607 2203 2639 si

448 2685 477 2723 ⁷⁸)
503 2688 571 2714 Hier
595 2689 705 2714 sebeint
729 2689 773 2713 ein
798 2689 895 2722 lapsus
921 2689 1021 2713 calami
1047 2689 1095 2714 des
1120 2688 1284 2714 Scbreibers
1310 2697 1342 2713 zu
1368 2688 1436 2713 scin.
