2336 3074
307 657 378 691 Det·
409 656 605 689 Isromauer
627 654 764 699 Beiryet·
795 654 941 688 Imm-ad
972 654 1040 687 mn!
1059 655 1154 687 sesne
1175 653 1269 687 Fran
1293 653 1471 687 Elisabeth
1491 652 1660 687 seltenlceu
1683 654 1753 687 dem
1773 652 2118 697 Anyasffnerlrlosfflr
2137 655 2173 687 ἰἰι

305 718 459 751 lin-mnan
477 718 574 750 einen
599 715 808 760 (lbslqarlen
831 715 898 748 und
917 716 972 749 die
989 714 1110 759 Hu'lsle
1130 716 1223 748 eines
1251 713 1504 758 tt'ee‘uyartens.
1534 713 1591 748 Dt.
1614 714 1770 748 Kromna
1790 713 1852 748 30.
1872 713 2032 748 Dezemlt.
2058 712 2170 748 1356.

462 793 506 847 'n
536 815 670 846 nomine
699 816 823 845 saneim
852 816 883 845 et
913 811 1091 846 individua¹
1120 813 1273 845 trinitatis
1302 821 1411 844 amen.
1461 809 1523 851 Qui
1553 820 1655 856 parce
1684 812 1837 853 seminat,
1875 821 1975 856 parce
2011 813 2112 843 metet
2139 813 2173 843 et

303 878 355 920 qui
395 874 435 907 de
472 872 759 907 benedictionilms
798 875 951 909 seminat.
999 872 1040 906 de
1082 871 1316 905 benedictione
1358 882 1492 917 semper
1535 875 1635 904 metet
1677 870 1717 904 ad
1756 869 1942 904 habendam
1979 869 2170 904 felicitatem

303 936 488 970 futurorum
528 939 557 968 et
597 933 723 979 perfrui
760 933 891 977 gaudiis
924 935 1057 966 :eternis
1087 935 1158 966 sine
1193 931 1270 969 sine„
1310 943 1382 978 quae
1419 931 1534 966 oculus
1570 943 1635 965 non
1665 931 1745 966 vidit
1784 943 1847 965 nec
1880 934 1911 965 in
1941 942 2000 965 cor
2029 930 2172 965 hominis

303 999 470 1031 interioris
499 996 659 1030 aseendit.
691 994 855 1028 Noverint
885 997 985 1039 igitur
1014 996 1162 1028 universi
1193 998 1257 1027 tam
1288 997 1471 1039 praesentes
1500 1003 1596 1038 qnam
1628 992 1727 1026 futuri
1756 994 1967 1038 praesentium
1993 994 2171 1034 intuentes,

303 1058 388 1103 quod
428 1068 493 1102 ego
524 1055 698 1091 Conradus
736 1060 765 1088 et
798 1054 968 1088 Elizabeta
1006 1065 1147 1088 consors
1182 1065 1269 1095 mem
1307 1056 1454 1088 servitor
1488 1052 1607 1087 nobilis
1637 1053 1759 1087 domini
1789 1051 1980 1087 Czenkonis
2009 1051 2050 1086 de
2079 1051 2170 1098 Lypa

303 1121 449 1165 supremi
479 1119 575 1162 regni
596 1116 765 1150 Bohemia*
786 1114 952 1151 marsalci.
982 1117 1133 1149 concivis
1154 1117 1297 1148 civitatis
1318 1113 1547 1157 Chrummaw,
1578 1118 1705 1147 matura
1731 1112 1971 1147 deliberatione
1992 1111 2171 1158 praebabita

303 1190 452 1224 sanoque
489 1177 628 1212 consilio
666 1177 763 1221 hujus
802 1179 888 1210 sacri
927 1176 1047 1221 eloquii
1087 1178 1224 1210 misterii
1263 1175 1411 1220 diligenti
1449 1177 1559 1208 animo
1596 1174 1740 1208 inclinati
1778 1174 1817 1208 ad
1849 1173 1925 1217 hoc,
1961 1178 1995 1207 ut
2024 1176 2055 1207 in
2084 1172 2170 1207 hona

305 1243 422 1274 mentis
452 1244 481 1273 et
513 1241 663 1285 corporis
692 1237 884 1271 valetudine
913 1239 1080 1271 constituti
1110 1235 1204 1270 bonis
1235 1235 1392 1282 operibus
1422 1238 1595 1282 cupientes
1624 1235 1710 1270 diem
1745 1240 1933 1269 extremum
1971 1237 2171 1281 praevenire‚

304 1312 442 1346 quorum
482 1302 728 1333 interventione
768 1309 917 1343 congrua
956 1302 986 1331 et
1026 1296 1149 1331 salubri
1187 1307 1252 1331 non
1292 1295 1469 1330 diffidimus
1497 1296 1594 1330 nobis
1632 1299 1664 1330 in
1702 1296 1828 1330 eisdem
1868 1297 2006 1329 remitiri
2043 1297 2111 1328 vita
2140 1297 2171 1328 in

304 1362 425 1395 futura.
456 1360 538 1394 Cum
569 1362 714 1393 maximo
744 1359 911 1392 desiderio
941 1358 1051 1392 cordis
1081 1357 1238 1392 divinitus
1268 1356 1425 1390 admoniti
1455 1359 1627 1403 cupientes
1647 1356 1743 1391 saluti
1763 1359 1947 1390 animarum
1970 1360 2172 1398 nostrarum,

304 1427 493 1456 nostrorum
523 1425 695 1466 parentum
726 1431 764 1453 ac
802 1419 1102 1465 praedecessorum,
1141 1422 1176 1452 ut
1213 1421 1311 1451 etiam
1349 1420 1522 1463 praesentis
1559 1420 1636 1452 vitae
1673 1422 1792 1452 statum
1822 1417 2048 1451 incolumitate
2076 1414 2171 1456 nobis

304 1483 431 1530 perfrui
463 1485 570 1527 gratia
610 1481 720 1514 divina
751 1479 925 1516 concedat.
955 1479 1086 1513 hortum
1117 1478 1281 1512 fructuum
1312 1489 1372 1512 seu
1400 1481 1585 1524 pomerium
1615 1483 1647 1512 et
1676 1478 1817 1512 mediam
1848 1481 1980 1512 vineam
2019 1479 2172 1523 superius

304 1548 375 1590 ipso
414 1545 563 1589 pomerio
602 1545 633 1575 in
672 1545 784 1575 monte
823 1544 941 1574 situata
973 1542 1051 1585 jure
1086 1541 1298 1586 proprietatis
1336 1543 1369 1572 et
1406 1539 1497 1572 titulo
1536 1541 1739 1573 monasterio
1778 1539 1818 1572 de
1847 1549 1938 1572 novo
1967 1537 2103 1571 fundato
2133 1547 2172 1570 ac

305 1605 471 1649 religiosis
492 1603 632 1637 dominis
653 1605 734 1636 viris
755 1606 785 1636 et
807 1600 963 1635 fratribus
984 1600 1123 1634 Nicolao
1144 1602 1258 1646 priori,v
1280 1602 1445 1645 suppriori
1466 1602 1591 1645 totique
1611 1602 1790 1633 conventui
1812 1598 1931 1632 ibidem
1953 1609 2013 1644 pro
2033 1609 2121 1632 nunc
2140 1600 2171 1631 in

304 1664 521 1699 Chrommaw
557 1675 740 1709 eorumque
776 1661 1042 1705 successoribus,
1085 1661 1211 1695 ordinis
1255 1663 1470 1694 eremitarum
1513 1663 1619 1695 sancti
1661 1653 1854 1705 Augustin'n
1901 1662 1932 1693 in
1975 1663 2171 1705 perpetuum

305 1726 466 1759 donaums
496 1729 526 1758 et
556 1723 823 1758 irrevocabiliter
852 1722 1067 1756 concedimus
1097 1725 1127 1755 et
1158 1721 1319 1766 largimur
1349 1720 1453 1755 libere
1483 1725 1512 1755 et
1543 1721 1707 1755 absolute.
1746 1720 1817 1754 Tali
1847 1721 2048 1764 conditione,
2085 1719 2172 1765 quod

304 1798 341 1820 se
370 1785 557 1831 obligarunt
588 1784 735 1830 praedicti
765 1783 886 1818 fratres
915 1783 1103 1817 voluntarie
1132 1781 1171 1815 ad
1201 1781 1331 1827 singula
1357 1783 1434 1826 jura
1463 1786 1494 1815 et
1524 1793 1626 1816 onera
1669 1784 1812 1816 civitatis
1851 1785 1940 1827 ipsos
1978 1783 2171 1827 recipientia

305 1850 433 1881 ratione
454 1845 600 1892 prfedieti
620 1847 759 1891 pomerii
785 1849 817 1878 et
837 1844 954 1878 mediae
973 1846 1082 1877 vineae
1102 1842 1327 1888 porrigenda3
1357 1842 1422 1877 hoc
1442 1845 1540 1877 etiam
1562 1843 1689 1877 scilicet
1709 1847 1826 1876 tenore
1846 1844 2054 1888 interposito,
2084 1840 2172 1887 quod

305 1908 460 1954 quamdiu
499 1910 530 1940 in
568 1918 669 1940 carne
708 1906 819 1939 divina
850 1905 985 1939 favente
1015 1904 1191 1938 clementia
1221 1914 1334 1937 sumus
1364 1905 1531 1937 constituti
1561 1907 1659 1949 atque
1689 1903 1759 1937 dies
1789 1907 1922 1938 nostros
1952 1905 1984 1936 in
2013 1901 2076 1935 hac
2104 1904 2172 1936 vita

305 1979 539 2015 prorogamus,
576 1969 679 2012 ipsam
718 1966 930 2000 donationem
970 1969 1087 1998 tenere
1123 1963 1283 1997 debemus
1313 1968 1426 1998 nostra
1456 1966 1487 1997 in
1516 1967 1682 2010 potestate
1711 1967 1741 1997 et
1772 1964 1859 2009 qnod
1889 1963 2027 2008 singulis
2056 1961 2172 1996 diebus

304 2033 335 2063 in
365 2039 471 2062 aevum
503 2038 565 2061 una
596 2030 696 2060 missa
725 2037 800 2060 cum
830 2025 1010 2059 devotione
1039 2036 1099 2070 per
1132 2027 1222 2070 ipsos
1262 2023 1382 2057 fratres
1420 2035 1481 2070 pro
1519 2027 1628 2058 anima
1666 2029 1779 2058 nostra
1816 2024 2172 2070 praedecessorumque

304 2094 493 2124 nostrorum
523 2091 595 2121 sine
624 2089 871 2121 intermissione
902 2085 1063 2119 debeatur
1091 2084 1232 2130 provide
1264 2083 1442 2118 celebrari.
1491 2083 1650 2128 Adjecm,
1680 2085 1766 2129 quod
1796 2087 1824 2118 si
1852 2095 1914 2119 nos
1944 2088 1999 2117 aut
2028 2083 2172 2117 heredes

305 2155 358 2184 aut
387 2148 521 2195 quilibet
552 2147 723 2182 diabolieae
751 2149 976 2193 inspirationis
1010 2148 1164 2179 instinctu
1194 2149 1310 2178 contra
1341 2144 1426 2178 hanc
1455 2144 1642 2179 donationis
1671 2150 1793 2179 nostrae
1821 2147 1977 2190 paginam
2004 2146 2172 2178 contraire

304 2211 359 2244 vel
388 2210 529 2255 aliquam
559 2209 744 2242 molestiam
773 2207 899 2241 inferre
928 2208 1154 2248 attentaverit,
1184 2216 1259 2239 cum
1289 2204 1522 2238 maledictione
1558 2209 1718 2251 perpetua
1756 2216 1817 2239 nos
1853 2204 2053 2250 obligamus.
2093 2203 2173 2238 Haec

303 2275 413 2304 autem
443 2270 576 2304 donatio
605 2269 692 2303 faeta
721 2273 772 2302 est
800 2278 914 2302 coram
945 2267 1097 2301 discretis
1126 2269 1210 2300 viris
1239 2265 1368 2299 Thoma
1394 2265 1507 2309 judice
1536 2276 1596 2311 pro
1626 2270 1716 2309 tunc,
1745 2264 1891 2300 scabinis
1911 2270 1976 2299 tam
2003 2265 2172 2299 modernis

306 2342 403 2377 quam
446 2333 588 2376 antiquis
630 2332 774 2364 civitatis
818 2328 1035 2362 Chrommaw
1077 2337 1261 2372 eorumque
1312 2325 1423 2371 sigillo
1470 2328 1613 2360 civitatis
1659 2325 1825 2372 praedictae
1870 2328 1901 2360 in
1948 2327 2170 2360 testimonium

305 2395 575 2438 praescriptorum
604 2395 751 2425 nostram
773 2389 813 2423 ad
843 2388 1111 2423 exhortationem
1132 2391 1316 2433 praesentes
1345 2386 1459 2421 literas
1488 2386 1627 2420 fecimus
1648 2385 1812 2420 roborari.
1843 2385 1912 2420 Sub
1933 2397 2019 2420 anno
2050 2385 2174 2419 domini

307 2452 481 2486 millesimo
524 2453 761 2485 trecentesimo
804 2451 1080 2495 quinquagesimo
1125 2452 1234 2491 sexto,
1280 2450 1421 2492 septimo
1472 2458 1578 2481 nonas
1627 2449 1752 2481 mensis
1789 2446 1949 2490 Januarii,
1996 2449 2026 2480 in
2073 2445 2172 2480 domo

306 2512 423 2558 Elpine
453 2511 507 2557 (2²)
536 2516 677 2557 protunc
702 2510 824 2555 judicis
853 2512 996 2543 civitatis
1026 2507 1254 2542 Chrommaw.

615 2589 767 2623 (Einfaehe
784 2588 933 2614 Abschrift
951 2596 1000 2613 aus
1018 2587 1079 2612 dem
1096 2586 1258 2612 17.Jah1·h.
1275 2586 1312 2611 im
1330 2585 1510 2611 mahrisehen
1527 2585 1770 2611 Laudes-archivo.
1791 2601 1826 2604 —
1846 2586 1906 2611 Das
1924 2584 2169 2619 ungewfflmliche,

718 2641 863 2666 vielleieht
881 2639 953 2665 auch
972 2639 1131 2672 uurielltige
1148 2638 1341 2672 Tagesdatum
1356 2637 1492 2671 „septimo
1507 2636 1615 2662 nouas*
1628 2637 1745 2663 beziehe
1762 2637 1807 2662 ich
1821 2636 1873 2662 auf
1883 2637 1937 2663 deu
1951 2637 2000 2664 30.
2015 2636 2172 2662 Dezember

723 2693 771 2718 des
795 2692 898 2717 ,Jahres
927 2691 1005 2716 135ss
1031 2690 1080 2715 mit
1104 2690 1166 2715 dem
1191 2688 1423 2723 Jahresanfange
1448 2698 1491 2713 am
1518 2689 1566 2714 95.
1593 2688 1774 2723 Dezvmberg»
