2336 3074
986 219 1148 273 173ss

116 323 154 357 ad
185 326 288 357 instar
317 321 554 356 beneficiorum
584 322 900 355 ecclesiasticorum.
931 322 1086 368 quodque
1115 325 1216 368 ipsius
1254 323 1366 356 altaris
1396 334 1517 356 census
1555 327 1585 356 01
1622 327 1806 369 proventus
1837 324 1913 367 jura
1943 327 1974 355 et

116 383 271 417 utilitates
300 394 360 429 per
388 393 565 416 censuram
595 382 857 416 ecclesiasticam
887 385 971 416 tueri
1001 387 1030 416 01
1061 382 1229 416 defensari
1259 383 1393 416 valeant
1422 395 1460 417 ac
1490 386 1581 427 exigi
1611 388 1641 417 et
1672 386 1808 429 requiri.
1858 382 1974 429 anue

116 447 225 477 onmia
255 447 287 477 et
315 443 445 487 singula
474 446 506 476 111
535 442 687 476 0101111105
716 445 783 476 51115
812 446 954 488 punctis3
984 443 1142 485 articulis„
1173 443 1278 476 modis
1317 447 1347 476 et
1384 444 1550 477 clausulis.
1582 448 1677 489 prout
1716 447 1868 490 superius
1908 454 1976 477 ex-

114 508 298 551 pressatur‚
328 503 562 549 approbamus„
592 502 794 537 ratificamus
832 508 864 537 et
902 515 945 537 ex
982 508 1073 537 certa
1112 492 1224 537 nostra
1263 506 1408 537 sciencia
1445 506 1476 537 in
1513 504 1573 537 11115
1612 507 1743 550 scriptis
1779 506 1976 538 auctoritate

117 565 282 598 ordinaria
313 564 559 606 confirmamus,
589 566 799 609 presencium
829 564 889 598 sub
919 574 1066 610 appenso
1094 567 1209 597 nostro
1240 565 1356 596 maiori
1394 563 1503 608 sigillo
1539 575 1601 597 una
1640 575 1714 597 cum
1753 564 1860 609 sigillo
1900 564 1976 597 dicti

116 624 248 671 capituli
277 627 381 658 nostri
411 623 643 658 Olomucensis
673 627 862 659 testimonio
893 625 1073 658 literarum.
1104 624 1224 657 Datum
1254 628 1286 657 et
1314 628 1422 656 actum
1453 626 1483 657 in
1505 627 1640 657 civitate
1661 629 1774 658 nostra
1804 624 1974 658 Cremsier

116 688 188 731 ipso
218 685 271 719 die
300 689 331 718 et
360 684 446 718 festo
475 689 589 718 sancte
619 685 787 719 Trinitatis
817 696 903 719 anno
933 686 1056 719 domini
1085 684 1260 718 millesimo
1290 686 1526 717 trecentesimo
1548 688 1779 729 octuagesimo
1801 685 1853 718 die
1874 687 1975 718 vice-

117 748 200 780 sima
229 748 353 778 mensis
380 744 517 778 Maii..
549 744 762 779 Presentibus
798 745 1048 779 honorabilibus
1077 749 1107 778 et
1146 745 1298 778 discretis
1333 747 1415 778 viris
1449 744 1589 778 dominis
1624 745 1766 779 Alberto
1804 748 1976 791 preposito

118 805 262 839 ecclesie
291 808 395 839 sancti
424 804 576 839 Mauricii
607 808 638 839 in
668 805 827 848 Cremsiri
858 808 1018 850 magistro
1049 805 1216 850 Gregorio
1246 809 1379 838 rectore
1400 805 1566 838 scolarum
1596 804 1729 847 ibidem„
1751 805 1922 839 Hinczone
1944 810 1977 839 et

115 865 268 900 Johanne
297 868 434 899 notariis
464 870 495 899 et
524 877 620 911 quam
650 865 797 912 pluribus
827 866 898 900 aliis
927 866 966 899 ad
994 868 1157 911 premissa
1187 868 1316 899 vocatis
1344 868 1377 899 in
1403 868 1626 899 testimonium
1657 869 1819 900 veritatis.

427 945 518 978 (Orig.
544 945 624 977 Perg.
652 945 667 970 ἰ)
693 945 719 972 li.
744 944 800 976 Sig.
825 945 861 969 im
886 944 958 969 (tlm.
983 943 1241 978 Kapitelarcbive.)

998 1089 1102 1125 191.

118 1192 269 1231 Jolzann,
299 1192 449 1237 Bisclzof
471 1204 535 1226 ron
568 1192 711 1233 Olzmztz,
742 1193 943 1237 republicirt
971 1195 1025 1227 ein
1054 1193 1174 1227 Statue
1201 1195 1315 1227 selues
1343 1193 1563 1237 Vorqc'inyers
1581 1205 1689 1237 qegyen
1712 1193 1768 1226 (lie
1789 1193 1979 1237 Atiqreifet·

402 1253 608 1287 kirehlicher
639 1253 744 1287 Gener
772 1254 842 1287 und
868 1254 1055 1288 Personen.
1088 1253 1147 1288 Dt.
1179 1254 1357 1287 Kremsz'er
1386 1254 1444 1287 21.
1476 1254 1552 1287 Mai
1580 1253 1690 1287 1380.

273 1328 358 1383 Dei
395 1353 427 1383 et
464 1349 646 1395 apostolice
684 1349 772 1383 sedis
810 1353 925 1394 gracia
964 1350 1196 1383 Olomucensis
1235 1352 1413 1395 episcopus
1451 1348 1623 1383 Johannes
1658 1347 1907 1383 honorabilibus
1943 1353 1974 1381 et

117 1410 269 1444 (115010115
298 1412 391 1453 viris,
421 1410 620 1444 dominis..
652 1410 816 1444 decanis.
841 1439 846 1444 .
877 1413 1054 1456 prepositis
1086 1437 1122 1443 ..
1153 1409 1397 1443 archidiaconis
1428 1436 1434 1443 .
1458 1437 1464 1443 .
1496 1412 1666 1443 canonicis
1697 1436 1703 1442 .
1727 1436 1733 1442 .
1764 1408 1914 1455 plebanis
1936 1435 1945 1444 .
1968 1435 1975 1443 .

118 1470 335 1504 ecclesiarum
365 1470 552 1505 rectoribus
575 1499 580 1504 .
605 1498 610 1504 .
642 1471 796 1505 altaristis
826 1475 858 1504 et
879 1498 885 1504 .
910 1498 916 1504 .
947 1473 1083 1504 vicariis
1111 1481 1171 1516 per
1200 1456 1390 1513 ecclesiam,
1412 1472 1581 1503 civitatem
1611 1474 1643 1503 et
1664 1469 1824 1503 diocesim
1844 1473 1976 1503 nostras

119 1530 270 1565 Olomuc.
301 1534 485 1565 constitutis
515 1531 655 1565 salutem
684 1534 716 1565 in
746 1543 799 1575 00,
829 1534 883 1576 qui
913 1535 960 1564 051
991 1533 1135 1564 0010111111
1174 1541 1257 1564 vera
1286 1530 1386 1564 salus.
1434 1529 1667 1573 Honorabiles‚
1705 1529 1818 1563 devoti
1856 1529 1975 1563 dilecti.

118 1591 323 1637 Accepimus
353 1591 522 1625 relacione
546 1592 695 1625 veridica
726 1596 758 1625 et
787 1594 1001 1637 experiencia
1040 1590 1212 1624 didicimus
1242 1590 1432 1626 cottidiana.
1463 1590 1549 1636 quod
1579 1595 1733 1624 statutum
1764 1590 1870 1624 felicis
1899 1601 1976 1623 me-

118 1654 224 1685 morie
255 1651 378 1685 domini
407 1651 568 1685 Johannis
598 1655 746 1697 episcopi
777 1651 1021 1694 01011111000515,
1052 1654 1156 1685 nostri
1185 1651 1449 1696 predecessoris
1472 1650 1558 1696 quod
1588 1653 1719 1696 incipit:
1750 1650 1841 1684 Licet
1870 1661 1977 1684 canon

116 1712 332 1758 provincialis
361 1714 472 1746 statuti
501 1715 533 1745 in
562 1711 792 1746 defensionem
822 1712 1051 1746 ecclesiastice
1080 1711 1240 1745 libertatis
1269 1711 1433 1745 adversus
1463 1714 1688 1757 captivatores
1717 1711 1916 1744 clericorum
1946 1715 1978 1744 et

117 1772 316 1819 spoliatores
345 1772 507 1806 bonorum
537 1772 840 1806 ecclesiasticorum
871 1783 945 1806 cum
984 1783 1104 1817 magna
1141 1775 1329 1805 maturitate
1368 1771 1491 1805 factum
1530 1776 1560 1804 et
1599 1771 1763 1805 nonnullis
1801 1773 1977 1805 retroactis

117 1832 322 1878 temporibus
351 1837 476 1866 tentum
506 1837 537 1866 et
566 1837 737 1866 servatum
767 1833 864 1866 modo
895 1833 1038 1878 quidem‚
1069 1843 1142 1866 cum
1177 1832 1287 1866 cordis
1316 1832 1536 1865 amaritudine
1565 1831 1772 1875 reservimus,
1802 1843 1867 1865 non
1897 1842 1977 1865 ser—

116 1898 227 1936 vatur,
256 1904 319 1927 nec
349 1892 458 1927 debite
487 1896 664 1938 exequitur
692 1893 874 1927 secundum
904 1904 998 1927 suum
1037 1893 1170 1927 modum
1200 1897 1232 1926 et
1260 1897 1432 1932 tenorem:
1479 1903 1539 1938 pro
1569 1903 1609 1926 eo
1638 1891 1735 1926 vobis
1765 1891 1917 1925 omnibus
1947 1896 1977 1925 et

117 1953 255 1998 singulis
285 1956 316 1987 111
345 1956 468 1987 virtute
497 1958 611 1987 sancte
641 1953 837 1987 obediencie
866 1958 898 1987 et
927 1953 986 1987 sub
1016 1956 1379 1987 excommunicacionis
1408 1964 1505 1999 penaq
1537 1964 1634 1998 quam
1654 1963 1717 1986 vos
1747 1957 1779 1986 et
1799 1951 1978 1997 quemlibet

118 2019 267 2048 vestrum
299 2017 472 2047 incurrere
501 2014 655 2047 volumus
683 2016 755 2059 ipso
785 2013 885 2057 facto⁷
907 2016 933 2048 si
963 2017 994 2048 in
1013 2016 1185 2060 premissis
1206 2013 1335 2047 fueritis
1355 2013 1578 2058 negligentes,
1601 2016 1697 2046 trium
1719 2016 1829 2046 tamen
1849 2012 1976 2046 dierum

118 2077 306 2108 monicione
336 2078 500 2119 tamquam
531 2077 690 2107 canonica
720 2077 849 2119 previa.
881 2074 1029 2108 districte
1056 2073 1268 2120 presentibus
1296 2076 1499 2124 i-niungimus
1529 2078 1559 2106 et
1589 2073 1795 2115 mandamus,
1825 2075 1977 2117 quatinus

118 2138 223 2180 ipsum
253 2139 408 2169 statutum
437 2137 485 2169 sic
514 2134 749 2168 inviolabiliter
778 2139 810 2168 et
838 2138 1036 2169 inconcusse
1074 2146 1179 2180 usque
1207 2133 1306 2167 modo
1337 2138 1460 2167 tentum
1498 2138 1530 2167 et
1568 2138 1749 2176 5011131100,
1780 2136 1917 2178 quocies
1946 2136 1979 2165 01

119 2195 250 2240 (1030(10
278 2206 423 2240 persona
453 2195 681 2229 ecclesiastica
711 2198 874 2240 captivari
903 2199 934 2228 et
962 2194 1049 2229 bona
1086 2195 1313 2229 ecclesiastica
1343 2194 1455 2228 invadi
1486 2197 1675 2238 contigerit,
1704 2204 1771 2227 non
1800 2197 1977 2238 expectato

120 2258 303 2300 superioris
332 2255 487 2288 mandato
516 2255 696 2289 secundum
728 2258 971 2289 continenciam
1009 2258 1119 2289 statuti
1148 2254 1304 2288 antedicti
1341 2254 1380 2288 ad
1418 2265 1561 2299 unquem
1599 2256 1742 2287 servetis
1778 2257 1807 2286 et
1847 2255 1977 2286 servari

120 2316 249 2349 faciatis
291 2315 455 2349 cessando
497 2327 515 2349 a
551 2316 744 2361 solempniis
779 2316 980 2357 divinorum,
1011 2315 1117 2349 donec
1154 2317 1256 2348 menti
1291 2318 1323 2348 et
1356 2313 1470 2348 verbis
1506 2313 1655 2347 eiusdem
1692 2316 1802 2346 statuti
1836 2316 1977 2358 paritum

118 2376 218 2409 fuerit
246 2386 320 2409 cum
350 2375 481 2418 effectu,
510 2376 631 2409 nullam
660 2376 906 2420 negligenciam
936 2379 968 2409 in
996 2378 1168 2422 premissis
1197 2377 1419 2416 commissuri7
1446 2378 1541 2419 prout
1571 2374 1611 2406 de
1641 2373 1837 2407 obediencia
1863 2375 1978 2418 pocius

121 2435 347 2470 commendari
376 2436 549 2470 volueritis
578 2447 675 2481 quam
706 2437 745 2469 de
779 2435 1009 2470 inobediencia
1038 2434 1251 2480 reprehendi.
1308 2434 1429 2467 Datum
1459 2433 1651 2467 Chremsier
1688 2435 1720 2466 in
1758 2432 1888 2478 synodo
1918 2443 1978 2478 per

118 2507 180 2531 nos
209 2495 377 2530 celebrata
407 2496 467 2531 sub
495 2497 594 2542 sigilli
614 2500 718 2531 nostri
738 2499 875 2530 maioris
896 2499 1111 2542 appensione.
1143 2495 1243 2528 Anno
1265 2494 1387 2527 domini
1407 2493 1580 2527 millesimo
1603 2496 1830 2527 tricentesimo
1852 2497 1977 2526 octua-

119 2560 249 2601 gesimo
279 2556 362 2590 feria
392 2557 537 2591 secunda
567 2562 640 2603 post
670 2557 790 2591 festum
821 2557 1001 2590 Trinitatis.

431 2636 522 2670 (Orig.
546 2637 628 2670 Perg.
654 2636 680 2661 h.
705 2636 761 2669 Sig.
787 2636 821 2660 im
848 2635 920 2660 Olm.
946 2634 1204 2668 K211)itelarrliivt¹.l
