2336 3074
1254 199 1327 232 290

1242 407 1351 442 320.

360 540 481 572 Jmlnls.
515 539 704 582 ,llorltyras
729 549 790 570 rou
823 537 977 572 illabi-eu.
1009 537 1166 582 rei-lmus!
1196 539 1252 570 nes!
1284 537 1515 578 Zeistimmmtq
1544 537 1657 569 sesnes
1689 536 1844 569 Brmlers
1876 535 2010 580 l'rolwp
2038 536 2101 569 das
2135 535 2231 581 Dorf

364 594 488 644 (Qu-lta.
502 600 644 633 weh-luas·
663 600 725 632 deu
742 600 974 642 ⁴-luyusle'1wrn
992 601 1023 631 Ῐη
1044 599 1162 631 b'rtmn
1181 599 1248 632 med
1266 597 1449 641 Ledam-11³²!
1466 597 1668 641 rerpsdmlel
1687 608 1770 635 war„
1788 597 1861 630 dem
1878 596 2225 640 ΑαφιείὶηενΙῑίυδΙεν

717 671 755 693 1-11
785 672 811 693 x.
848 659 994 693 Thomas
1025 661 1057 692 1'11
1092 659 1220 692 Britan.
1254 658 1311 692 m.
1346 658 1463 691 Bruma
1494 658 1553 691 25).
1584 658 1718 691 donner
1751 657 1858 691 1384.

522 745 691 798 Jodoeus
722 764 774 798 dei
803 767 917 809 graeia
948 764 1097 798 marchio
1127 769 1155 797 et
1188 764 1340 797 dominus
1369 763 1523 797 Moravie
1553 768 1665 797 notum
1697 763 1836 797 l'aeimus
1866 768 1983 797 tenore
2014 765 2225 809 presencium

361 828 537 858 universis.
570 826 664 866 Quod
696 837 754 870 pro
785 828 903 871 emptis
933 825 1126 871 quibusdam
1158 836 1218 871 per
1246 836 1307 858 uos
1337 828 1436 858 certis
1466 824 1626 858 clenodiis
1656 824 1739 869 apud
1762 823 1975 857 honorabiles
1996 828 2029 857 et
2048 824 2226 868 religiosos

361 888 492 919 tratres.
524 886 747 923 Angustinuui
778 888 923 930 priorem
963 897 1050 919 nove
1089 890 1202 919 nostre
1242 886 1450 919 sundaeionis
1486 888 1517 918 in
1556 884 1712 930 preurbio
1751 884 1915 918 Bruneusi
1954 889 1986 918 et
2023 889 2225 918 conventum

362 949 552 979 monasterii
582 951 697 979 sancte
727 946 844 979 Crucis
874 949 905 979 in
932 946 1137 981 Luthomusl.
1159 946 1284 980 ordinis
1315 946 1551 979 heremitarum
1573 948 1677 979 sancti
1699 945 1891 987 Augustini„
1913 956 2052 990 quorum
2075 956 2111 979 sc
2132 944 2228 978 valor

361 1007 399 1040 ad
430 1018 590 1040 summam
623 1011 846 1040 trecentarum
877 1011 910 1040 et
938 1010 1114 1046 sexaginta
1145 1018 1332 1040 marcarum
1362 1017 1559 1051 grossorum
1590 1006 1802 1040 denariorum
1824 1008 2037 1052 pragensium
2067 1007 2227 1039 moravici

362 1070 550 1112 pagainenti
588 1067 748 1100 extendit.
788 1067 974 1101 eisdem..
1014 1070 1115 1113 priori
1153 1072 1185 1101 et
1207 1095 1243 1102 ..
1274 1070 1453 1101 conventui
1493 1067 1604 1100 villam
1643 1072 1790 1101 nostram
1829 1066 1952 1100 Czechi
1990 1066 2123 1109 dictam,
2153 1076 2228 1099 cum

362 1130 504 1162 rusticis.
535 1127 665 1161 ineolis.
695 1126 863 1162 censibus.
894 1127 1067 1164 fructibus
1107 1128 1336 1173 proventibusq
1376 1129 1609 1166 einoliimfutis.
1648 1127 1850 1169 utilitatibusq
1890 1130 2034 1174 pascuis,
2066 1130 2168 1173 pratis
2197 1131 2230 1160 ct

361 1189 432 1221 aliis
461 1191 529 1221 suis
558 1191 785 1233 pertinenciis.
816 1200 1027 1234 quocumque
1057 1192 1190 1222 nomine
1229 1194 1442 1225 censeantur,
1472 1200 1534 1223 nec
1564 1200 1629 1222 non
1668 1200 1742 1223 cum
1780 1189 1878 1234 pleno
1917 1189 2074 1231 dominio,
2105 1199 2228 1233 quem-

361 1249 537 1282 admodum
568 1260 628 1282 nos
657 1249 797 1282 eandem
828 1249 938 1283 villain
969 1252 999 1283 in
1036 1252 1103 1283 suis
1141 1249 1296 1283 limitibus
1334 1253 1429 1283 metis
1468 1254 1500 1283 et
1537 1253 1697 1291 graniciis
1735 1253 1900 1283 tenuimus
1938 1254 1970 1283 et
2007 1249 2228 1295 possedimus,

363 1313 423 1342 rite
453 1313 481 1342 et
513 1309 760 1343 racionabiliter
789 1310 998 1343 vendidimus
1028 1316 1060 1343 ct
1088 1310 1265 1344 vendimus
1295 1310 1435 1344 eandem
1466 1313 1588 1344 virtute
1617 1313 1840 1356 presencium.
1872 1310 1944 1344 Hoc
1973 1310 2115 1353 adiecto,
2141 1309 2228 1355 quod

362 1380 434 1403 nos.
465 1369 620 1404 heredes.
642 1370 696 1403 vel
725 1381 942 1403 successores
963 1373 1067 1404 nostri
1088 1370 1301 1405 marchiones
1323 1375 1354 1404 et
1375 1371 1497 1405 domini
1517 1371 1683 1411 llIoravieq
1706 1377 1882 1417 antequam
1904 1376 2045 1417 quatuor
2066 1381 2227 1405 annorum

363 1433 519 1463 continuo
549 1442 585 1463 se
615 1433 831 1475 sequeucium
862 1434 1022 1464 terminus
1052 1431 1247 1476 exspirabit,
1277 1435 1443 1477 possimus
1473 1433 1612 1466 eandem
1644 1433 1754 1466 villain
1786 1432 1921 1473 Czechi„
1951 1432 2229 1477 quandocumque

363 1491 456 1524 nobis
486 1490 658 1536 placuerit.
688 1502 706 1523 e
736 1501 904 1524 converso
935 1502 1100 1526 reemere.
1131 1495 1157 1525 si
1187 1492 1272 1537 quod
1303 1493 1418 1526 solutis
1448 1496 1605 1527 trecentis
1635 1497 1667 1527 et
1687 1495 1863 1537 sexaginta
1890 1495 2011 1527 marcis
2031 1502 2228 1537 grossorum

362 1551 483 1584 nullum
515 1563 574 1597 per
603 1551 742 1596 amplius
772 1551 957 1596 predictis.
981 1579 988 1585 .
1020 1555 1121 1597 priori
1152 1557 1184 1585 et
1212 1556 1392 1587 conventui
1417 1554 1473 1596 jus
1502 1558 1670 1600 competet
1698 1557 1729 1587 in
1751 1554 1868 1587 eadem
1890 1554 1979 1595 villa„
2001 1553 2058 1587 sed
2089 1553 2128 1586 ad
2155 1563 2229 1589 nos-

363 1612 506 1646 heredes
537 1617 566 1646 et
597 1623 816 1646 successores
844 1617 978 1646 nostros
1013 1612 1225 1647 marchiones
1255 1617 1287 1646 et
1316 1614 1468 1648 dominos
1496 1614 1650 1649 Moravie
1679 1614 1813 1648 debebit
1842 1619 1996 1660 spectare
2025 1617 2097 1649 sine
2117 1617 2230 1660 impe-

363 1673 507 1706 dimento
537 1672 683 1718 quolibet
712 1677 743 1706 et
772 1676 911 1706 mverti.
942 1672 977 1706 Si
1006 1684 1091 1707 vero
1131 1678 1272 1719 quatuor
1309 1678 1403 1708 anuis
1441 1678 1598 1709 continuo
1636 1686 1673 1709 se
1711 1675 1939 1720 sequentibus,
1977 1678 2011 1708 ut
2048 1674 2228 1720 prefertur,

363 1736 529 1778 preteritis
558 1734 741 1779 predictam
762 1733 883 1766 ’v‘itlain
913 1745 1123 1779 quocumque
1152 1737 1310 1768 veniente
1340 1746 1419 1769 casu
1448 1746 1510 1770 nos
1539 1747 1694 1769 reemere
1722 1746 1783 1781 pro
1813 1739 1972 1770 trecentis
2000 1739 2032 1769 et
2051 1737 2229 1779 sexaginta

364 1797 484 1827 marcis
514 1805 711 1838 grossorum
742 1805 806 1827 uon
838 1797 1062 1839 contingeret.
1093 1799 1169 1828 tunc
1199 1795 1315 1829 eadem
1345 1797 1423 1830 villa
1453 1808 1526 1830 cum
1557 1796 1709 1830 omnibus
1739 1799 1806 1830 suis
1845 1799 2060 1842 pertinenciis
2097 1795 2231 1830 debebit

363 1858 393 1887 in
423 1858 518 1887 antea
548 1854 586 1887 ad
627 1855 823 1900 predictos.
847 1883 853 1888 .
886 1858 1033 1902 priorem
1073 1860 1103 1889 et
1125 1883 1132 1889 .
1157 1883 1163 1889 .
1194 1861 1396 1890 conventum
1436 1869 1498 1891 nec
1533 1868 1599 1891 non
1638 1860 1876 1891 monasterium
1907 1862 2021 1892 sancte
2051 1856 2168 1891 Crucis
2197 1859 2230 1890 in

364 1914 555 1948 Lnthomusl
585 1918 755 1960 pertinere
784 1921 945 1961 perpetuo
976 1921 1008 1949 et
1036 1921 1201 1962 spectare.
1247 1917 1289 1951 Et
1317 1922 1350 1951 ut
1388 1929 1529 1964 presens
1566 1918 1722 1952 vendicio
1759 1918 1861 1952 robur
1896 1919 2032 1962 majoris
2068 1916 2230 1951 firmitatis

365 1974 522 2008 obtineat.
553 1978 774 2020 promittimus
803 1987 864 2010 nos
895 1976 1077 2022 Procopius
1108 1977 1159 2011 dei
1189 1981 1304 2022 gracia
1344 1979 1493 2012 marchio
1531 1979 1684 2013 Moravie
1720 1983 1824 2012 ratam
1865 1983 1981 2012 tenere
2019 1978 2160 2012 eandem
2198 1982 2232 2011 et
2275 2000 2277 2003 -

364 2035 490 2068 lii-inam
521 2047 582 2069 nec
612 2036 676 2069 ullo
706 2047 850 2082 uuquam
880 2042 1032 2083 tempore
1061 2039 1308 2081 contradicere,
1338 2044 1371 2073 ut
1399 2039 1555 2073 vendicio
1584 2044 1699 2085 posset
1727 2039 1903 2073 invalidari
1924 2039 2019 2073 huius
2049 2039 2149 2081 modi,
2170 2049 2231 2072 seu

365 2095 610 2140 quomodolibet
641 2096 767 2130 viribus
797 2101 946 2131 vacuari.
1004 2098 1218 2133 Presencium
1255 2099 1316 2133 sub
1345 2103 1502 2145 appensis
1530 2103 1653 2134 nostris
1683 2101 1799 2145 sigillis
1829 2102 2019 2133 testimonio
2049 2099 2230 2133 literarum.

366 2155 484 2189 Datum
520 2156 654 2190 Brunne
692 2168 779 2191 anno
817 2158 940 2192 domini
978 2159 1153 2193 millesimo
1189 2163 1426 2195 trecentesimo
1465 2164 1696 2206 octoagesimo
1735 2165 1865 2206 quartQ
1904 2160 1987 2194 seria
2025 2164 2120 2194 sexta
2156 2163 2233 2193 ante

365 2215 483 2249 festum
514 2217 758 2262 purilicacionis
788 2218 885 2252 beate
914 2219 1021 2253 Marie
1050 2223 1192 2265 virginis
1220 2221 1382 2265 gloriose.

677 2305 750 2339 (Ans
771 2306 819 2331 der
842 2306 986 2332 Plicatur:
1018 2307 1063 2332 Ad
1088 2307 1252 2333 mandatum
1283 2308 1389 2334 domini
1421 2309 1594 2335 marchionis
1624 2309 1761 2335 Nicotaus
1790 2308 2033 2342 prothonotarius.
2074 2323 2113 2327 ·—-—
2153 2307 2230 2341 Orig.

783 2358 799 2382 ‘2
826 2358 1049 2384 wohlerhalteue
1074 2358 1101 2386 h.
1127 2358 1184 2393 Sig.
1209 2359 1245 2385 iu]
1270 2359 1394 2386 Arehive
1419 2361 1468 2386 (les
1492 2361 1624 2387 Klosters
1648 2369 1670 2386 s.
1695 2360 1820 2386 Thomas
1844 2360 1873 2385 in
1896 2359 2018 2394 Briinn.)
