2336 3074
88 505 277 549 illarlsyraf
300 504 413 537 Jodolt
442 503 597 543 belmunt,
628 503 710 536 dass
740 514 778 535 et·
809 514 881 535 rom
911 501 1140 545 ilIarkyrafen
1172 500 1307 545 Prolrop
1339 502 1439 533 2000
1471 500 1572 533 Μαι-Ι(
1600 500 1820 543 (ιω-98061191(
1852 499 1952 532 habe.

724 562 781 595 Dt.
815 562 906 605 Prags
937 561 995 594 17.
1027 561 1186 594 Febr-nar
1217 560 1328 594 1383.

242 649 328 702 Nos
365 668 512 702 Jodocus
551 667 603 701 dei
640 669 754 711 gracia
785 665 935 699 marchio
973 669 1005 698 et
1042 665 1193 698 dominus
1231 664 1396 703 Moravic„
1427 664 1616 709 principalis
1646 663 1786 706 debitor7
1825 669 1857 696 et
1892 674 1953 696 nos

84 729 256 763 Johannes
294 729 335 762 de
371 727 583 770 Mezi1·ziec'h‚
621 726 823 761 Wilhelmus
861 726 902 759 (le
932 724 1120 769 Sternberg
1158 725 1239 758 alias
1269 725 1309 758 dc
1346 725 1443 770 Zlyn„
1475 724 1663 769 Stephanus
1703 725 1742 757 de
1781 724 1952 769 Oporzna,

84 789 256 823 Jobannes
285 789 390 822 dictus
421 787 530 821 Berka
560 787 600 821 de
630 787 736 828 Duba,
766 786 900 820 Buscho
930 786 1035 819 dictus
1066 785 1190 819 Plicbta
1220 786 1260 819 de
1289 785 1414 818 Zirotin
1454 789 1485 818 et
1515 784 1724 818 Hanuscbius
1763 785 1803 818 de
1832 784 1953 824 Leecz„

85 849 299 883 fideiussores
336 851 438 894 ipsius
476 850 752 892 recognoscimus
782 851 898 880 tenore
935 849 1145 892 presencium
1183 848 1362 885 universis„
1399 857 1459 879 nos
1497 845 1611 878 illustri
1645 847 1783 890 principi
1820 845 1953 878 domino

85 910 248 955 Procopio
278 909 462 943 marchioni
489 908 643 942 Moravie
672 911 703 941 in
733 907 860 941 duobus
891 907 1019 941 milibus
1049 917 1235 939 marcarum
1265 916 1462 950 grossorum
1493 905 1704 938 denariorum
1736 907 1951 950 pragensium

85 973 247 1004 moravici
276 973 466 1015 pagamenti
495 969 657 1003 debitorie
686 968 840 1012 obligari.
871 967 944 1008 Que
973 968 1037 1000 (luo
1068 967 1166 1005 milia„
1196 971 1230 999 ut
1258 969 1468 1011 premittitur.
1499 968 1719 1010 promittimus
1749 976 1865 998 omnes
1895 967 1951 997 in—

85 1031 225 1064 solidum
253 1029 340 1064 bona
361 1030 425 1063 fide
453 1033 525 1064 sine
545 1029 621 1063 dolo
650 1040 714 1062 una
744 1040 841 1062 manu
863 1031 1038 1062 coniuncta
1068 1032 1100 1060 et
1121 1027 1286 1061 indivisim
1316 1026 1446 1072 prefato
1467 1028 1605 1071 principi
1627 1025 1760 1058 domino
1788 1025 1951 1069 Procopio

85 1095 118 1124 et-
145 1090 184 1124 ad
215 1102 331 1124 manus
352 1090 466 1124 fideles
495 1089 699 1124 venerabilis
728 1089 850 1122 domini
879 1088 1053 1130 Johannis„
1074 1087 1349 1121 Luthomislensis
1378 1089 1526 1132 episcopi
1556 1090 1588 1119 et
1617 1085 1772 1118 nobilium
1803 1087 1949 1118 virorum

85 1151 172 1185 Petri
201 1151 242 1185 de
271 1150 471 1195 Sternberg,
492 1150 635 1184 Erhardi
664 1150 704 1183 de
734 1148 893 1183 Chunstat
915 1154 945 1182 et
965 1148 1155 1182 &Vankonis
1185 1148 1226 1181 de
1246 1147 1461 1181 Pothenslein
1491 1150 1521 1179 in
1552 1146 1637 1179 festo
1666 1148 1771 1179 sancti
1801 1144 1951 1189 Georgii„

84 1223 103 1245 a
132 1211 207 1245 data
244 1214 456 1257 presencium
485 1215 628 1244 venturo
667 1210 708 1243 de
736 1212 903 1255 proximo,
934 1212 965 1242 in
998 1213 1108 1242 castro
1147 1208 1324 1253 Tepenecz
1354 1210 1384 1240 in
1413 1209 1537 1252 paratis
1566 1209 1715 1251 pecuniis
1747 1205 1882 1239 solvere
1921 1208 1953 1237 et

84 1283 221 1318 pagare.
253 1271 346 1313 Quod
377 1274 403 1305 si
440 1282 506 1305 non
535 1271 747 1313 solverimus,
782 1281 826 1303 ex
856 1274 931 1303 tunc
961 1269 1024 1302 duo
1051 1280 1094 1302 ex
1123 1268 1218 1302 nobis
1246 1266 1509 1304 fideiussoribus.
1539 1269 1737 1311 quicumque
1772 1276 1832 1310 per
1866 1275 1951 1310 pre-

84 1333 206 1366 dictum
244 1335 426 1378 principem
456 1343 516 1366 seu
545 1331 618 1369 lios,
648 1331 688 1364 ad
717 1341 858 1376 quorum
889 1341 1004 1363 manus
1033 1332 1257 1375 promisimusq
1288 1330 1400 1361 moniti
1430 1327 1601 1364 fuerimusq
1632 1325 1767 1371 quilibet
1802 1330 1950 1358 nostrum

85 1404 151 1427 non
184 1393 366 1427 advertens
395 1393 530 1427 alterius
559 1392 749 1426 absenciam
781 1390 914 1424 debebit
942 1390 1016 1423 loco
1046 1394 1095 1423 sui
1116 1390 1290 1423 honestum
1312 1389 1466 1421 clientem
1496 1387 1649 1420 idoneum
1681 1386 1854 1419 militarem
1876 1396 1950 1418 cum

85 1465 151 1487 uno
180 1453 302 1487 famulo
338 1457 371 1487 et
399 1452 526 1487 duobus
556 1455 649 1498 equis
683 1455 714 1485 in
752 1451 895 1496 Pragam
933 1451 972 1484 ad
1011 1451 1193 1496 hospicium
1232 1449 1420 1483 honestum.
1450 1447 1545 1481 nobis
1583 1458 1642 1492 por
1681 1450 1770 1491 ipsos
1808 1446 1847 1479 ad
1887 1445 1951 1478 boc

86 1514 275 1560 specialiter
304 1514 538 1560 deputandum,
569 1513 715 1558 dirigere
751 1513 881 1547 solitum
913 1512 1099 1556 obstagium
1138 1512 1347 1555 prestituros.
1404 1508 1465 1542 Ubi
1497 1511 1523 1541 si
1553 1507 1668 1541 diebus
1698 1506 1949 1551 quatuordecim

86 1577 384 1621 perseveraverint
404 1579 436 1608 et
464 1585 525 1608 nos
554 1577 713 1620 pecunias
748 1585 814 1607 non
843 1574 1044 1608 solverimus
1073 1570 1291 1616 supradictas.
1313 1573 1435 1602 extunc
1464 1571 1602 1614 prestito
1632 1567 1687 1600 vel
1717 1578 1781 1600 non
1812 1569 1950 1612 prestito

87 1635 239 1679 obstagio
260 1635 365 1669 dictus
381 1634 530 1668 marchio
547 1646 605 1669 seu
622 1635 678 1673 hii.
697 1634 735 1668 ad
753 1645 891 1679 quorum
910 1644 1026 1667 manus
1042 1634 1265 1678 promisimus.
1286 1629 1450 1663 habebunt
1471 1629 1600 1673 plenam
1619 1631 1829 1673 potestatem.
1844 1637 1951 1671 supe-

85 1698 153 1729 rius
173 1698 359 1729 nominatas
387 1697 546 1741 pecunias
575 1697 660 1728 inter
684 1694 805 1738 judeos
834 1694 888 1728 vel
908 1693 1108 1727 christianos
1137 1690 1318 1735 recipiendi
1339 1694 1488 1722 nostrum
1508 1691 1651 1721 omnium
1673 1698 1774 1732 super
1796 1687 1949 1731 dampna.

85 1755 181 1790 nobis
209 1755 442 1789 nichilominus
472 1755 597 1800 absque
632 1758 880 1789 intermissione
918 1755 1038 1787 dictum
1078 1752 1264 1796 obstagium
1303 1761 1363 1795 per
1400 1752 1612 1794 interpositas
1650 1758 1824 1793 personas.
1854 1750 1951 1792 prout

85 1827 197 1862 supra,
228 1815 495 1850 continuantibus
525 1815 660 1856 tamdiu,
691 1826 863 1860 quousque
893 1814 1021 1860 prefata
1058 1812 1206 1858 capitalis
1244 1813 1383 1856 pecunia
1421 1809 1559 1843 duorum
1600 1808 1723 1841 milium
1760 1817 1947 1840 marcarum

86 1888 159 1910 cum
190 1877 341 1922 dampnis
371 1876 535 1919 omnibus„
557 1887 617 1922 per
646 1887 705 1909 eos
734 1875 776 1909 ob
806 1886 870 1908 non
901 1875 1104 1908 solucionem
1136 1871 1323 1906 huiusmodi
1351 1869 1600 1903 racionabiliter
1619 1867 1869 1903 contrahendis.
1891 1877 1951 1912 per

86 1948 147 1971 nos
177 1936 275 1970 fuerit
304 1937 430 1970 eisdem
460 1936 681 1971 creditoribus
711 1939 833 1970 nostris
868 1935 1048 1981 persoluta.
1105 1931 1281 1966 Habebunt
1310 1934 1446 1976 insuper
1475 1932 1536 1975 ipsi
1566 1929 1750 1962 creditores
1780 1930 1844 1961 iam
1874 1927 1951 1960 dicti

86 2008 147 2031 nos
176 1997 217 2031 de
245 1997 457 2042 negligencia
486 1996 627 2042 predicti
656 1996 757 2030 debiti
792 1999 989 2042 potestatem
1018 1995 1199 2040 plenariam
1237 1992 1404 2026 monendi.
1462 1990 1503 2024 Et
1532 2001 1592 2023 nos
1621 1989 1727 2033 sigilla
1758 1992 1872 2021 nostra
1910 1987 1951 2019 de

87 2062 198 2092 nostra
229 2062 319 2091 certa
349 2060 494 2092 sciencia
522 2057 733 2103 presentibus
762 2056 979 2102 appendimus
1000 2058 1032 2088 in
1061 2054 1256 2087 evidencius
1285 2054 1507 2086 testimonium
1530 2052 1674 2083 omnium
1696 2051 1948 2095 premissorum.

86 2118 205 2151 Datum
235 2117 345 2162 Prage
374 2129 460 2151 anno
491 2118 613 2151 domini
643 2117 817 2151 millesimo
854 2118 1089 2150 trecentesimo
1119 2115 1348 2158 octuagesimo
1387 2113 1503 2153 tercio„
1534 2110 1617 2143 feria
1656 2112 1759 2142 tercia
1797 2110 1949 2154 proxima

85 2182 159 2224 post
188 2178 385 2211 dominicam
416 2177 661 2220 Reminiscere‚
692 2178 744 2211 die
774 2177 903 2210 decima
933 2178 1071 2221 septima
1102 2176 1226 2207 mensis
1256 2172 1441 2206 Februarii.

397 2255 489 2291 (Orig.
513 2257 595 2290 Perg.
621 2257 648 2284 7,
674 2265 709 2281 an
734 2257 815 2289 Pei-g.
840 2255 961 2281 Streifen
986 2254 1012 2278 li.
1037 2253 1094 2286 Sig.
1117 2253 1153 2277 im
1178 2252 1266 2277 nifihr.
1291 2249 1534 2276 Landesarcbive.
1554 2264 1592 2267 -
1611 2249 1670 2273 Das
1695 2247 1752 2280 sig.
1779 2247 1827 2271 des
1852 2245 1950 2271 Stefan

500 2316 557 2333 von
581 2307 699 2341 Opocno
723 2308 774 2332 hat
797 2307 866 2333 zwei
890 2315 946 2332 von
971 2305 1065 2330 reclits
1089 2304 1163 2329 nach
1187 2303 1264 2328 links
1288 2311 1432 2336 gezogene
1457 2300 1682 2333 Schragbulken7
1707 2299 1758 2323 das
1782 2299 1831 2323 des
1856 2296 1950 2322 Berka

502 2358 579 2392 zeigt
601 2359 646 2384 die
669 2358 857 2384 Pfahlleitern
882 2358 931 2383 der
956 2356 1052 2390 Lipais.
1077 2356 1127 2381 das
1152 2355 1200 2380 des
1217 2345 1323 2380 Zirotin
1348 2354 1430 2379 einen
1454 2352 1527 2377 nach
1545 2351 1620 2376 links
1645 2349 1827 2375 schauenden
1852 2348 1950 2381 Adler⁷

501 2410 551 2436 das
583 2410 632 2435 des
657 2410 756 2435 Hamis
788 2419 843 2436 von
869 2410 924 2434 Les*
957 2409 1009 2433 den
1043 2407 1188 2433 Obertheil
1212 2406 1288 2431 eines
1319 2406 1410 2430 Bai-en
1441 2404 1491 2429 mit
1517 2402 1744 2437 ausgestreckter
1768 2401 1864 2434 Zunge
1895 2400 1952 2424 und

501 2462 620 2488 Tatzen.
649 2462 699 2496 -)

1745 2716 1778 2741 :53
