2336 3074
1269 193 1341 227 2151

375 305 510 336 t'ueiinus
542 307 657 334 tenore
688 304 897 345 presencium
929 302 1109 333 universis.
1141 299 1235 340 Quod
1266 311 1339 332 eum
1363 299 1496 332 disereti
1528 301 1589 331 viri
1611 298 1733 331 ‹lomini
1754 297 1927 331 johannes
1949 300 1978 330 iu
2001 295 2241 330 Jarohuowicz

372 370 398 394 et
431 363 601 395 totumne<
633 365 661 393 in
693 361 838 393 (list-han
869 361 1088 394 ecelesiarmu
1129 359 1258 404 plebani
1289 359 1424 392 eusdem
1463 371 1541 391 suas
1571 359 1733 392 eeclesias
1772 362 1988 403 patronorum
2029 369 2164 391 suorum
2201 357 2240 390 ad

373 425 434 456 hoe
472 422 653 454 accedente
692 432 858 453 consensu
899 432 941 454 ex
981 424 1091 453 causis
1130 419 1387 453 racionabilibus
1425 424 1616 465 permutare
1651 422 1822 464 cupientes
1862 421 1891 451 in
1932 418 2082 451 manibus
2119 421 2241 451 nostris

374 484 466 515 thetis
505 485 571 514 ¹<uis
615 481 785 514 bem-liciis
830 485 948 526 sponte
995 483 1279 514 renuneiaverint.
1319 491 1379 513 nos
1415 480 1510 513 dictis
1549 479 1855 513 reuuuciatiouibus
1894 482 2038 524 receptis
2077 478 2240 524 prel'atmn

374 546 539 575 «lominum
570 542 758 574 johannem
790 542 830 574 ‹le
860 542 1002 574 eeclesia
1034 544 1063 574 iu
1084 541 1324 574 .larobnowiez
1354 541 1392 573 ati
1423 541 1601 574 eeclesiam
1633 544 1663 574 in
1691 540 1851 574 Oisehau.
1874 542 1903 573 in
1935 551 1997 584 qua
2028 538 2242 573 honorabiles

375 608 402 635 et
436 603 593 639 religiose
624 605 774 638 virgines
805 601 968 635 Adliczha
999 604 1157 647 priorissa
1196 606 1350 646 totusque
1380 606 1567 635 conventus
1606 603 1798 634 monasterii
1838 605 1953 634 sancte
1990 600 2172 633 Katherine
2211 602 2241 633 in

376 664 546 695 ttlomucr..
590 661 734 695 XVlezho
778 667 959 707 perpetuus
1002 665 1149 696 vicarius
1193 663 1337 695 ecclesie
1380 662 1626 700 (llomucensis,
1670 673 1800 695 necnon
1845 661 1962 695 famosi
2007 663 2068 694 viri
2112 659 2242 698 Botiko„

376 723 558 755 llanussius
588 723 693 755 (lictus
724 722 906 756 t'zihawha
937 727 966 756 et
999 722 1110 756 Busta·
1147 724 1187 756 (le
1218 722 1364 756 tllsehau
1395 734 1433 756 ac
1466 722 1628 756 Radslaus
1658 722 1698 755 (le
1728 722 1809 755 Nicz
1835 723 1889 765 jus
1919 721 2067 754 obtinent
2096 731 2243 766 presen—

375 784 474 816 tandi.
507 783 731 816 transtulinms
761 788 788 815 et
822 788 987 817 rectorem
1019 784 1200 825 legitimum
1241 786 1439 817 instituimus
1475 787 1504 815 et
1544 783 1733 828 plebanum.
1763 782 1823 816 sibi
1854 793 1967 816 ‹au-am
1997 784 2181 815 animarum
2211 784 2244 813 et

375 843 700 876 :utininistracionein
731 845 947 889 spiritualium
979 849 1008 877 et
1048 845 1278 889 temporalium
1319 847 1348 877 iu
1384 843 1514 878 eadem.
1544 847 1641 889 prout
1677 843 1716 876 ad
1753 847 1902 877 nostrum
1938 846 2065 888 spectat
2098 841 2243 874 osticium

375 907 630 937 committentes.
665 904 800 937 llarum.
822 904 940 949 (milvus
969 904 1112 945 sigillum
1135 907 1316 937 vicariatus
1346 903 1491 937 ecclesie
1513 903 1747 937 Olomucensis
1768 908 1817 937 est
1838 914 2033 948 appensum.
2056 903 2244 936 {estimonio

375 964 555 997 literarmn.
589 964 707 998 Datum
739 965 915 998 Wischaw
947 964 1048 998 Anno
1078 965 1200 998 domini
1230 962 1576 999 M0CCCLxxxl110t
1609 964 1704 998 XXII
1734 964 1786 997 die
1816 966 1940 997 mensis
1969 962 2107 1009 Aprilis.

688 1026 778 1059 (Orig.
807 1026 887 1058 l'erfs.
913 1026 939 1050 h.
965 1026 1022 1058 δίς-ν.
1047 1026 1082 1051 ini
1109 1026 1181 1051 (etim.
1207 1026 1466 1060 Kapitelarchive.)

1262 1155 1371 1190 293.

599 1258 788 1302 Mart-mas
810 1258 923 1291 ,lodolr
952 1258 1129 1301 besorum!
1158 1259 1219 1292 der
1248 1260 1351 1292 Stadt
1384 1259 1468 1302 Uuy.
1500 1258 1674 1292 Hrmtiscle
1705 1259 1774 1292 alle
1805 1258 2022 1302 l'rire’leqien.

1048 1319 1104 1352 Dt.
1137 1319 1257 1353 Brilnn
1290 1320 1321 1353 7,
1355 1320 1429 1353 Μαί
1460 1319 1568 1353 1383.

539 1376 709 1430 Jodocus
748 1397 799 1430 dei
829 1400 943 1441 gracia
983 1397 1131 1431 marchio
1162 1402 1194 1431 et.
1230 1398 1382 1432 (lominus
1410 1397 1564 1432 Moravie
1602 1398 1858 1431 notumsacimns
1888 1402 2005 1431 tenore
2035 1401 2245 1442 presencium

376 1459 555 1489 universis.
585 1457 671 1502 quod
702 1458 903 1491 aecedentes
933 1458 971 1491 ad
1001 1463 1150 1492 nostram
1179 1462 1389 1504 presenciam
1420 1458 1535 1492 fideles
1564 1461 1668 1492 nostri
1698 1458 1806 1491 dilecti
1837 1461 1930 1492 cives
1960 1460 2103 1491 civitatis
2133 1461 2247 1491 nostre

377 1516 592 1551 Gradicensis
622 1517 846 1552 exhibuerunt
874 1518 969 1553 nobis
999 1529 1076 1553 suas
1105 1520 1218 1553 literas
1248 1524 1280 1553 et
1308 1519 1443 1553 diversa
1473 1519 1649 1565 privilegia
1680 1530 1744 1552 nou
1776 1530 1864 1562 rasa,
1886 1530 1951 1552 non
1981 1518 2163 1552 cancellata
2184 1529 2247 1552 nec

375 1581 406 1611 in
436 1578 543 1623 aliqua
564 1581 614 1611 sui
643 1583 737 1624 parte
757 1582 891 1613 viciata.
912 1582 1147 1614 immunitates.
1174 1581 1250 1624 jura
1272 1585 1304 1614 et
1332 1583 1466 1624 gracias
1487 1582 1695 1613 continencia
1717 1582 1795 1625 ipsis
1825 1591 1842 1613 a
1864 1579 1970 1613 felicis
1997 1579 2247 1613 recordacionis

377 1638 541 1683 quondam
573 1638 709 1683 regibus
731 1639 880 1681 Boomio„
903 1641 1059 1674 videlicet.
1080 1640 1242 1675 Ottakaro
1272 1645 1303 1674 et
1323 1640 1530 1674 VVenceslao
1560 1641 1677 1683 factas,
1699 1641 1803 1683 dataS,
1835 1640 1971 1674 traditas
1992 1645 2025 1673 et
2053 1650 2245 1673 concessas.

377 1698 415 1732 Et
447 1699 577 1732 tandem
599 1711 673 1732 cum
703 1706 884 1745 augmento
914 1701 1052 1734 aliarum
1073 1704 1264 1745 graciarum
1294 1712 1354 1747 per
1374 1704 1624 1735 serenissimum
1647 1703 1829 1747 prIncipem
1861 1701 2028 1734 dominum
2057 1700 2246 1734 Johanuem

378 1758 515 1792 Boemie
553 1771 669 1803 regem
708 1764 931 1806 comitemque
969 1761 1299 1806 Lucemlmrgensem
1347 1773 1446 1795 avum
1495 1766 1644 1796 nostrum
1693 1766 1900 1796 carissimum
1948 1766 1980 1795 ct
2017 1762 2149 1795 demum
2187 1773 2248 1808 per

378 1822 630 1853 invictissimum
663 1824 847 1867 principem
877 1822 1045 1856 dominum
1076 1822 1234 1856 Karolum
1265 1834 1400 1868 semper
1428 1823 1631 1868 Augustunn
1653 1823 1882 1857 Romanorum
1913 1827 1945 1856 et
1965 1822 2103 1856 Boemie
2132 1834 2249 1868 regem

378 1884 529 1925 patruum
561 1886 708 1914 nostrum
739 1885 961 1919 carissimum,
992 1895 1065 1916 cum
1097 1883 1205 1917 adhuc
1234 1886 1266 1916 in
1296 1883 1479 1917 minoribus
1509 1884 1625 1918 suisset
1655 1887 1863 1926 constitutus,
1894 1894 2024 1917 necnon
2054 1895 2115 1929 per
2143 1883 2249 1917 felicis

379 1941 630 1975 recordacionis
660 1942 818 1976 illustrem
840 1946 1023 1988 principem
1046 1944 1213 1977 dominum
1234 1944 1422 1977 Johannem
1448 1947 1636 1989 genitorem
1658 1949 1806 1978 nostrum
1829 1947 2038 1978 carissimum
2059 1944 2249 1989 benigniter

379 2000 604 2035 confirmatas.
634 2013 651 2035 a
690 2002 786 2036 nobis
817 2003 984 2037 humiliter
1018 2005 1257 2050 supplicarunt,
1287 2009 1322 2037 ut
1350 2005 1476 2038 eisdem
1505 2009 1651 2050 gracias*
1680 2007 1753 2050 jura
1794 2011 1824 2039 et
1863 2008 2086 2039 immunitates
2124 2008 2248 2039 nostris

378 2061 481 2094 literis
511 2061 699 2107 approhare
728 2063 896 2097 ratificare
925 2069 957 2098 et
986 2067 1151 2098 innovare
1181 2065 1221 2098 de
1251 2068 1360 2098 innata
1391 2064 1486 2099 nobis
1515 2066 1699 2100 clemencia
1730 2066 1956 2111 dignaremur.
2001 2066 2072 2107 Qua
2102 2069 2248 2111 ipsorum

380 2126 444 2154 tam
475 2125 566 2155 iustis
596 2134 693 2167 quam
724 2123 981 2158 racionabilibus
1010 2125 1313 2170 supplicacionibus
1343 2126 1573 2160 favorabiliter
1611 2132 1797 2161 annuentes
1835 2130 2075 2173 cupientesque
2114 2130 2145 2160 in
2185 2127 2249 2160 hoc

379 2181 603 2226 predictorum
634 2186 819 2229 principum
848 2185 1129 2230 predecessorum
1159 2190 1349 2219 nostrorum
1388 2186 1546 2220 inherere
1577 2190 1740 2232 vestigiis,
1769 2191 1858 2233 ipsas
1895 2187 2020 2231 literas,
2058 2187 2248 2233 privilegia,

384 2244 616 2276 immunitates.
642 2245 718 2287 jura
758 2249 789 2278 et
826 2248 972 2289 gracias„
1004 2248 1064 2291 ipsi
1103 2249 1229 2280 civitati
1267 2251 1300 2280 et
1336 2247 1466 2281 civibus
1504 2250 1535 2281 in
1571 2250 1641 2293 ipsa
1679 2247 1902 2281 residentibus
1941 2252 2006 2281 tam
2045 2259 2106 2293 per
2143 2247 2248 2281 dictos

381 2304 547 2347 principes
578 2314 674 2347 quam
705 2315 765 2349 per
793 2308 982 2349 genitorem
1013 2311 1162 2340 nostrum
1192 2307 1377 2352 predictum
1407 2312 1594 2353 porrectas„
1624 2308 1863 2354 approbamus,
1894 2307 2111 2351 ratificamus,
2148 2311 2250 2341 inno—

380 2373 497 2395 vamus
527 2367 559 2396 et
587 2367 784 2398 auctoritate
813 2369 1026 2410 presencium
1056 2378 1099 2400 ex
1129 2372 1220 2400 certa
1250 2372 1364 2401 nostra
1394 2371 1539 2402 sciencia
1578 2368 1826 2402 confirmamus.
1857 2368 2077 2413 volentesque
2113 2368 2249 2401 easdem

383 2424 557 2456 universas
588 2428 617 2456 et
647 2424 808 2468 singulas,
840 2430 938 2471 prout
966 2430 997 2459 in
1027 2429 1173 2472 ipsorum
1203 2428 1390 2473 privilegiis
1411 2433 1443 2462 et
1472 2429 1588 2462 litteris
1609 2431 1820 2462 continentur
1840 2428 1982 2473 plenius7
2013 2432 2114 2471 ratas,
2135 2432 2249 2472 gratas

382 2485 412 2513 et
443 2481 553 2515 firmas
582 2487 750 2529 perpetuis
780 2489 811 2519 in
841 2490 938 2519 antea
969 2487 1173 2533 temporibus
1210 2488 1446 2522 inviolabiliter
1483 2500 1694 2535 permanere.
1752 2488 1967 2523 Presencium
2004 2488 2064 2522 sub
2101 2498 2249 2534 appenso

383 2546 497 2574 nostro
527 2544 634 2586 sigillo
664 2548 853 2579 testimonio
883 2547 1064 2581 literarum.
1096 2548 1216 2582 Datum
1246 2548 1382 2583 Brunne
1411 2560 1498 2583 anno
1529 2549 1651 2582 domini
1672 2549 1847 2583 millesimo
1869 2551 2106 2582 trecentesimo
2128 2553 2250 2582 octua-

383 2604 514 2645 gesimo
545 2607 660 2637 tercio.
692 2604 774 2638 feria
804 2609 915 2650 quinta
945 2609 1097 2652 proxima
1128 2613 1205 2641 ante
1234 2608 1354 2643 festum
1384 2609 1632 2655 penthecostes.

699 2665 787 2697 rOrig.
813 2667 894 2700 Perg.
919 2668 946 2692 b.
971 2668 1028 2701 Sig.
1053 2669 1088 2693 im
1114 2669 1239 2695 Archive
1264 2670 1313 2695 der
1337 2670 1365 2697 k.
1391 2670 1431 2697 St.
1458 2670 1532 2704 [ng.
1557 2670 1721 2704 Hradisch.)
