2336 3074
1004 200 1078 233 263

107 308 214 337 torum
244 315 283 337 ac
313 303 476 337 bonorum
505 308 779 338 testamentorum
810 315 952 350 capaces
983 305 1105 338 l'ueriilt
1134 309 1163 338 et
1195 305 1321 339 habiles
1351 305 1467 339 eadem
1490 306 1692 351 possidendi.
1732 304 1767 338 Si
1797 307 1869 350 quis
1890 315 1974 338 vero

107 363 332 409 predictorum
352 369 541 398 nostrorum
563 364 767 398 subditorum
789 365 914 410 absque
935 369 1133 399 testamento
1154 365 1335 399 decederet
1355 370 1386 398 et
1417 365 1595 399 heredibus
1616 366 1771 411 legitimis
1802 364 1974 399 masculini

106 424 161 458 vel
199 424 346 457 seminini
381 436 483 458 sexus
521 430 665 459 careret.
704 430 827 458 extunc
865 425 1080 459 concedimus
1116 426 1156 459 dc
1191 430 1304 459 nostra
1340 429 1447 469 gratia
1477 427 1625 471 specialiq
1664 427 1751 471 quod
1790 436 1906 459 omnes
1942 429 1975 457 et

106 484 258 528 singulae
301 484 537 528 haereditates,
580 488 825 530 possessiones,
869 485 967 528 bona,
1006 486 1135 519 domus.
1179 489 1312 523 vineae
1364 490 1488 525 euriae,
1532 489 1604 531 agri
1648 492 1680 520 et
1722 498 1776 520 res
1821 486 1972 520 mobiles.

106 544 356 590 quibuscunque
373 545 473 578 rebus
493 545 548 579 vel
567 546 649 579 locis
670 548 825 588 existant„
843 546 881 579 ad
912 549 1182 592 propinquiorem
1210 557 1269 579 seu
1299 549 1537 591 proximiorem
1560 549 1590 580 in
1621 547 1705 580 linea
1727 548 1970 591 consanquini-

107 607 180 638 tatis
209 608 351 638 amicum
390 606 561 639 masculini
590 606 645 639 vel
683 605 830 639 feminini
867 617 970 640 sexus
999 610 1070 640 sine
1109 609 1197 640 omni
1226 607 1462 652 impedimento
1502 607 1712 641 lutereditare
1742 619 1800 641 seu
1837 606 1973 640 devolvi

107 664 248 698 debeant
278 665 375 711 pleno
391 667 479 710 jure.
510 666 576 699 Illis
598 676 680 700 vero
709 677 776 700 non
797 666 1004 700 exstantibus
1033 669 1148 701 amicis
1168 678 1227 701 seu
1248 670 1410 712 proximis
1439 667 1524 700 bona
1546 667 1704 706 defuncti„
1726 671 1779 713 qui
1800 670 1973 701 intestatus

107 726 297 769 decederet„
328 726 367 760 ad
388 738 449 760 nos
479 731 510 760 et
531 732 678 760 nostrum
710 730 947 761 monasterium
969 727 1073 761 libere
1103 727 1336 761 devolvantur.
1367 727 1530 760 Volumus
1559 731 1656 761 etiam
1688 733 1717 761 et
1750 726 1974 772 irrefragabili

107 786 215 819 edicto
245 789 416 820 sanximus
446 792 619 832 perpetuo„
649 787 734 832 quod
765 790 875 821 omnia
905 792 938 820 et
965 788 1094 831 singula
1126 791 1335 824 testamenta„
1365 799 1450 832 quae
1480 787 1556 821 inibi
1587 787 1673 821 sacta
1700 788 1820 821 fuerint
1857 788 1973 821 futuris

107 846 310 892 temporibus
340 847 455 880 eadem
494 852 696 881 executores
734 852 1008 882 testamentorum
1039 848 1220 881 eorundem
1250 847 1335 881 infra
1364 851 1460 881 unius
1491 851 1612 881 mensis
1641 851 1794 894 spatium.
1832 853 1972 881 mortem

106 910 256 941 testantis
286 907 475 941 immediate
504 911 685 953 sequentis„
714 908 858 943 scabinis
888 919 947 942 seu
971 909 1103 952 juratis*
1126 910 1179 953 qui
1208 919 1269 953 pro
1298 912 1449 953 tempore
1470 908 1602 944 fueriuh
1634 912 1801 942 insinuare
1831 908 1973 942 debeant.

108 972 139 1001 et
168 970 265 1001 etiam
296 968 465 1013 publicare
494 973 526 1001 et
554 972 581 1002 si
610 969 787 1002 eeclesiam
817 968 1044 1014 parochialem
1074 968 1194 1002 ibidem
1231 973 1465 1007 concernereh
1496 971 1522 1002 is
1551 969 1693 1014 plebano
1723 969 1786 1002 loci
1815 974 1869 1002 aut
1906 971 1973 1002 suis

107 1031 243 1064 vicariis
272 1029 327 1063 vel
356 1029 627 1074 procuratoribus
658 1032 826 1063 insinuare
856 1032 953 1062 etiam
993 1028 1078 1062 infra
1110 1040 1257 1062 mensem
1289 1029 1439 1062 similiter
1476 1029 1686 1063 tenelnintur.
1736 1029 1770 1062 Si
1807 1033 1860 1074 qui
1890 1040 1973 1062 vero

108 1095 310 1124 executores
332 1094 604 1123 testamentorum
626 1090 812 1123 huiusmodi
833 1090 987 1123 effective
1008 1090 1190 1135 adimplere
1211 1089 1435 1133 neglexerint.
1457 1101 1599 1135 poenam
1621 1093 1764 1135 quinque
1786 1101 1973 1122 marearum

107 1153 237 1195 argenti
266 1153 337 1195 puri
358 1154 493 1183 nostrae
513 1161 669 1183 camerae
698 1150 935 1184 solvendarum
957 1162 993 1183 sc
1022 1153 1178 1183 noverint
1207 1152 1401 1192 incurrisse„
1423 1150 1540 1195 quibus
1561 1151 1675 1184 solutis
1698 1151 1751 1184 vel
1771 1161 1837 1183 non
1858 1150 1972 1183 solutis

108 1213 292 1257 praemissa
305 1213 412 1244 omnia
426 1215 586 1257 perpetue
606 1215 760 1244 maneant
777 1213 808 1244 in
827 1221 886 1244 suo
899 1210 1022 1244 robore
1035 1209 1207 1243 firmitatis.
1224 1210 1459 1244 Promittentcs
1472 1214 1606 1256 insuper
1618 1211 1790 1244 insolidum
1810 1210 1896 1243 bona
1912 1209 1974 1243 fide

108 1283 169 1317 pro
198 1271 293 1305 nobis
314 1275 346 1304 et
374 1273 518 1317 posteris
538 1274 660 1304 nostris
690 1270 750 1305 sub
770 1274 912 1316 puritate
941 1275 1077 1304 nostrae
1098 1273 1325 1304 conscientiae
1355 1275 1387 1303 et
1407 1270 1481 1303 {idei
1511 1275 1619 1316 pacto.
1651 1273 1834 1316 praemissa
1865 1273 1974 1303 omnia

108 1337 141 1365 et
169 1330 298 1376 singula
318 1343 379 1365 nos
409 1331 497 1365 velle
518 1336 633 1365 tenere
663 1336 695 1364 et
715 1331 898 1377 adimplere
928 1331 1110 1364 efficaciter
1138 1335 1170 1364 et
1198 1331 1400 1365 inviolabilia
1427 1334 1596 1376 perpetuis
1627 1332 1744 1364 futuris
1771 1330 1974 1376 temporibus

108 1392 305 1426 observare.
348 1391 590 1425 Renuntiantes
619 1391 831 1425 nihilomnius
860 1403 920 1437 per
948 1396 1079 1437 pactum
1117 1391 1311 1425 solemniter
1340 1394 1525 1437 appositum
1556 1403 1615 1437 pro
1645 1391 1740 1425 nobis
1770 1396 1802 1425 et
1830 1394 1974 1437 posteris

108 1456 230 1487 nostris
260 1464 299 1486 ac
327 1453 401 1495 illis,
431 1463 571 1497 quorum
600 1455 739 1486 interest
777 1457 831 1486 aut
860 1452 1006 1497 quolibet
1043 1455 1074 1485 in
1105 1457 1201 1485 antea
1237 1454 1401 1485 interesse
1430 1456 1544 1497 posset
1574 1455 1604 1485 in
1633 1452 1786 1495 solidum,
1822 1451 1974 1485 omuibus

109 1518 141 1548 et
169 1513 308 1558 singulis
326 1512 455 1557 juribus
476 1513 726 1546 devolutiouum
748 1513 939 1558 temporalis
961 1513 1096 1546 dominii
1116 1515 1207 1546 iuxta
1227 1513 1502 1546 consuetudinem
1525 1517 1555 1545 et
1572 1514 1647 1556 jura
1670 1517 1779 1546 terrae
1799 1512 1974 1546 Moraviae

108 1573 362 1619 exceptionibus
384 1573 449 1606 doli
470 1573 545 1606 mali
573 1573 628 1606 vel
649 1576 680 1606 in
710 1572 832 1606 sactum
862 1573 1136 1618 oppositionibus„
1158 1573 1486 1616 contradictionibus,
1508 1573 1770 1611 defensionibus„
1791 1573 1974 1607 verborum

108 1634 165 1669 vet
193 1634 356 1667 sactorum
386 1632 688 1679 impugnationilnis
717 1645 756 1666 ac
785 1633 959 1677 cujuslibet
984 1634 1069 1677 juris
1099 1636 1252 1667 canonici
1281 1634 1335 1667 vel
1364 1634 1471 1668 civilis
1491 1633 1663 1667 beneficiis
1692 1637 1810 1679 visque
1840 1636 1975 1667 maioris

108 1695 164 1730 vel
193 1695 270 1728 facti
291 1694 434 1729 auxiliis.
465 1693 581 1739 quibus
611 1696 637 1727 si
658 1698 773 1726 contra
803 1696 986 1739 praemissa
1008 1697 1039 1727 in
1068 1698 1136 1727 toto
1162 1694 1217 1728 vel
1238 1697 1269 1727 in
1298 1699 1393 1740 parte
1422 1697 1529 1728 veniri
1560 1699 1673 1739 posset
1693 1697 1812 1739 quovis
1839 1696 1974 1738 ingenio

110 1755 164 1790 vel
193 1755 332 1788 cautela.
364 1754 620 1787 pronuntiantes
650 1765 782 1787 exnunc
818 1758 915 1799 prout
943 1758 1066 1787 extunc
1096 1757 1221 1788 irritum
1261 1759 1293 1788 et
1321 1766 1452 1788 cassum
1483 1759 1513 1788 et
1543 1765 1608 1787 non
1645 1766 1706 1800 per
1734 1765 1885 1788 errorem
1916 1754 1975 1787 sed

107 1827 168 1862 per
204 1815 324 1849 bonam
364 1819 395 1848 et
439 1815 658 1848 voluntariam
698 1813 983 1856 deliberationem,
1023 1815 1177 1860 quidquid
1213 1818 1245 1848 in
1283 1819 1451 1860 posterum
1490 1826 1551 1860 per
1588 1826 1820 1860 quemcunque
1858 1819 1975 1849 contra

107 1878 292 1922 praemissa
321 1886 518 1920 quacunque
548 1878 602 1909 via
632 1874 730 1908 fuerit
750 1878 955 1917 attentatum,
977 1875 1063 1920 quod
1085 1877 1112 1909 si
1133 1874 1239 1913 fieret,
1262 1886 1340 1908 mox
1361 1878 1433 1921 ipso
1454 1875 1542 1909 facto
1563 1875 1719 1908 inefficax
1740 1880 1772 1908 et
1793 1875 1974 1909 invalidum

108 1940 149 1971 sit
176 1939 306 1982 penitus
336 1941 369 1970 et
396 1939 505 1969 inane.
563 1935 632 1969 Sub
670 1935 799 1977 harum,
829 1946 910 1980 quas
940 1938 1062 1970 nostris
1101 1935 1289 1969 abbatissae
1328 1940 1360 1969 et
1388 1940 1575 1969 conventus
1604 1936 1829 1981 predictorum
1859 1936 1974 1980 sigillis

108 1999 328 2031 communitas
357 1996 520 2030 dedimus.
550 1995 673 2029 robore
702 1996 896 2029 litterarum.
928 1996 1104 2029 Dominica
1137 2008 1201 2041 qua
1230 1996 1374 2030 Jubilate
1404 1997 1467 2030 deo
1506 1999 1646 2032 canitur.
1677 2007 1764 2030 anno
1800 1997 1973 2030 millesimo

109 2056 320 2091 CCCLXXX
350 2060 465 2091 tercio.

418 2135 490 2171 (Ans
515 2135 592 2161 einer
616 2135 709 2169 Kopie
734 2135 771 2160 im
795 2134 920 2160 Areliive
950 2134 999 2159 der
1022 2134 1105 2160 Stadt
1129 2134 1250 2169 Auspitz
1281 2135 1514 2169 abgeschrieben.
1541 2135 1568 2160 in
1598 2135 1647 2160 ‹ler
1671 2135 1865 2160 Boeek·sel1e11
1893 2134 1970 2162 offiz.

524 2187 691 2221 Sannnlung
716 2187 798 2212 3050
822 2187 859 2211 iin
883 2186 1142 2221 Landesarehive.)

989 2348 1099 2384 ⁶292.

108 2452 286 2486 Johamees
314 2464 380 2486 eon
411 2453 516 2486 Galen
544 2452 617 2497 gibt
651 2452 706 2486 die
736 2451 991 2495 Einwe‘lleyunq,
1022 2453 1103 2485 dass
1132 2452 1187 2485 die
1216 2451 1362 2496 Pfarrer
1391 2453 1422 2484 in
1452 2451 1690 2485 Jaroln'eowitz·
1720 2451 1787 2493 ςιηιΙ
1819 2450 1971 2484 Olsckan

438 2513 514 2546 ihre
542 2512 715 2557 Pfre'c'nden
748 2512 986 2545 certumst-laen.
1018 2511 1075 2545 Dt.
1115 2511 1279 2546 tt'a·sclmn
1309 2512 1367 2547 22.
1399 2511 1503 2556 April
1532 2510 1642 2545 1383.

266 2624 280 2641 1
317 2619 353 2642 os
381 2607 554 2642 Johannes
593 2607 633 2641 de
663 2607 782 2643 Gulen.
813 2618 1017 2640 camerarius
1047 2606 1191 2640 eccles1e
1219 2605 1522 2640 Halberstadensis.
1554 2605 1733 2639 reverendi
1772 2616 1804 2639 111
1841 2604 1973 2638 Christo

108 2671 211 2714 patris
240 2673 272 2702 et
300 2668 422 2702 domini
452 2668 574 2702 domini
603 2668 691 2702 Petri
720 2671 869 2714 episcopi
900 2668 1133 2701 Oloinucensis
1168 2670 1315 2701 vicarius
1344 2670 1376 2700 in
1405 2666 1629 2712 spiritualibus
1659 2666 1829 2711 generalis
1859 2670 1970 2699 notum
