2336 3074
1020 229 1087 264 521

128 338 269 370 sinistris
320 334 625 369 machinacionibus
674 339 827 380 ‹liicuivis
869 340 1058 369 nostrorum
1102 338 1132 368 in
1169 346 1311 380 corpore
1347 345 1406 368 seu
1441 333 1541 368 rebus
1579 334 1692 367 ledere
1728 333 1889 379 impedire
1932 337 1982 365 aut

128 396 308 431 molestare
336 400 542 441 satagerent,
571 400 626 429 aut
655 396 695 429 de
724 396 811 430 facto
841 399 1018 430 temerarie
1047 400 1101 429 aut
1131 398 1249 429 iniuste
1280 406 1397 440 regna,
1427 395 1576 438 ducatus,
1606 397 1798 440 provincias
1818 398 1848 427 et
1879 398 1987 427 terras

129 461 261 490 nostras
294 456 349 491 vel
392 458 539 490 cuiusvis
576 460 723 489 nostrum
753 459 943 502 opprimere
972 457 1026 490 vel
1055 456 1218 490 hostiliter
1247 456 1407 489 invadere
1437 460 1491 489 aut
1520 457 1671 500 quemvis
1700 459 1861 492 nostrum,
1900 453 1985 499 quod

128 516 224 560 absit,
259 517 440 551 destituere
469 528 527 551 seu
561 517 686 560 ejicere
722 516 762 550 ab
803 517 927 551 eisdem
963 528 1021 551 seu
1061 517 1176 550 eadem
1215 520 1328 549 eontra
1364 515 1459 549 deum
1499 519 1531 549 et
1568 518 1728 549 iusticiam
1768 517 1835 548 suis
1873 513 1987 548 usibus

127 580 282 624 propriis7
320 588 482 623 usurpare
520 581 734 613 conarentur.
771 587 833 611 nos
861 580 1004 611 invicem
1035 580 1151 611 iuvare
1180 575 1320 610 fideliter
1348 575 1544 619 tenebimus,
1582 575 1735 609 volumus
1765 579 1795 608 et
1825 574 1985 608 debemus

128 643 160 672 ct
187 638 228 672 ad
257 637 476 672 resistendum
507 636 625 671 talibus
653 638 781 682 injuriis
810 642 840 670 et
871 637 1128 682 injuriatoribus.
1167 641 1263 683 prout
1292 639 1475 670 necessitas
1509 640 1541 669 et
1579 646 1676 670 casus
1713 637 1983 681 expoposcerint²

127 704 192 733 tam
220 710 281 744 per
308 703 427 744 gentes
459 701 645 743 armigeras
674 709 770 743 quam
801 701 906 732 eciam
936 698 1017 732 alios
1046 700 1257 731 necessarios
1287 696 1403 730 modos
1433 701 1463 730 et
1491 699 1564 730 vias
1593 695 1734 729 debitam
1756 700 1788 729 et
1807 705 1983 741 operosam

128 758 337 804 diligenciam
367 757 526 792 adhibere
555 769 593 792 ae
623 757 740 792 talibus
769 769 828 804 pro
858 758 984 793 viribus
1013 757 1162 792 obviare.
1193 758 1267 792 Non
1297 757 1408 792 licebit
1436 760 1540 791 eciam
1571 759 1716 790 cuiusvis
1746 760 1892 790 nostrum
1923 754 1984 788 sibi

127 819 265 853 alioruin
295 819 433 853 duorum
463 823 518 852 aut
546 821 693 852 cuiusvis
722 821 868 864 ipsorum
899 823 1017 861 terras,
1048 819 1203 861 dominia,
1232 818 1388 860 barones,
1418 817 1546 851 nobiles
1575 828 1633 851 scu
1651 815 1795 850 vasallos
1815 815 1985 849 attrahere

127 891 186 914 seu
219 882 398 913 occasione
440 884 596 925 pretensa
632 879 893 925 quilniscumque
927 882 1068 924 ingeniis
1105 890 1164 913 seu
1203 879 1316 913 colore
1352 880 1488 923 quesitis
1526 881 1557 911 in
1587 876 1735 924 [alterius
1778 876 1983 922 dispendium

126 943 269 987 propriis
308 939 420 975 usibus
458 940 652 983 vendicare,
700 943 765 974 imo
801 943 918 982 eciam„
966 943 992 974 si
1028 942 1099 985 quis
1135 944 1251 985 sponte
1294 950 1330 972 se
1367 938 1554 981 obtulei-inu
1601 948 1666 971 non
1711 947 1882 971 assumere
1924 948 1986 970 nee

127 1004 316 1046 assumptos
345 1000 593 1046 quomodolibet.
621 1005 796 1046 receptare
825 1005 879 1034 aut
908 1000 1098 1043 defensa1·e‚
1128 1002 1203 1045 quin
1233 1002 1341 1045 potius
1364 1003 1454 1045 ipsos
1475 999 1514 1032 ad
1535 1001 1716 1044 proprium,
1746 1001 1839 1043 prout
1865 1000 1983 1030 iustum

127 1066 188 1105 est,
218 1064 389 1095 remittere
417 1071 662 1106 possessorem,
692 1064 752 1095 nisi
778 1061 864 1095 forte
884 1064 915 1095 in
936 1061 998 1094 hoc
1019 1072 1097 1094 casu
1119 1060 1266 1094 eiusdem
1288 1063 1337 1093 sui
1358 1061 1563 1105 possessoris
1585 1057 1722 1091 accedat
1741 1057 1982 1102 beneplacitum

127 1126 157 1155 ct
191 1121 357 1156 voluntas.
396 1121 545 1156 Assimili
584 1124 689 1155 eciam
727 1121 833 1155 nullus
867 1126 1015 1156 nostrum
1055 1124 1201 1155 cuiusvis
1240 1121 1376 1154 alioruin
1415 1124 1563 1154 nostrum
1602 1118 1728 1152 emulos
1757 1129 1816 1152 seu
1845 1120 1985 1151 inimcos

127 1185 300 1227 signanter
334 1182 417 1226 illos,
456 1185 482 1216 si
519 1185 572 1227 qui
602 1193 719 1227 regna,
750 1182 899 1217 ducatus.
929 1184 1119 1228 provincias
1154 1186 1185 1215 et
1222 1186 1329 1215 terras
1364 1181 1419 1214 vel
1454 1179 1601 1214 subditos
1634 1183 1782 1213 nostrum
1812 1177 1984 1212 cuiuslibet

128 1243 318 1285 molestare,
339 1243 498 1288 impedire
518 1254 577 1277 seu
598 1245 717 1277 iniuste
738 1242 888 1276 diffidare
908 1245 1181 1288 presumpserint,
1211 1253 1249 1276 ac
1270 1245 1366 1275 etiam
1397 1241 1549 1275 bannitos
1570 1246 1601 1275 et
1621 1241 1662 1274 ob
1688 1251 1802 1274 eorum
1824 1240 1983 1273 demerita

126 1314 142 1336 a
172 1302 291 1337 finibus
319 1314 379 1337 seu
407 1303 581 1337 domiciliis
610 1306 678 1337 suis
706 1306 911 1349 proscriptos
945 1308 1133 1349 acceptare.
1172 1303 1226 1337 vel
1261 1307 1435 1348 receptare
1464 1306 1517 1335 aut
1556 1305 1586 1335 in
1617 1303 1714 1334 terris
1743 1312 1801 1335 seu
1831 1300 1983 1333 dominiis

125 1366 192 1398 suis
230 1363 349 1398 fovere
386 1366 505 1409 poterit
539 1368 593 1397 aut
631 1363 776 1406 debebit,
813 1367 889 1409 quin
928 1367 1041 1409 pocius
1077 1367 1166 1409 ipsos
1195 1368 1307 1409 utpote
1344 1362 1511 1396 maleficos
1549 1366 1581 1395 ct
1617 1363 1754 1395 notariis
1791 1359 1982 1394 criminibus

125 1426 270 1458 irretitos
294 1435 311 1457 a
333 1424 427 1458 dictis
448 1426 545 1457 terris
566 1428 598 1457 et
618 1424 770 1458 dominiis
790 1427 912 1458 nostris
928 1424 1099 1469 expellere
1115 1428 1145 1458 et
1163 1424 1333 1458 eliminare
1353 1434 1490 1469 prorsus
1510 1422 1696 1456 tenebimur
1716 1426 1746 1455 et
1767 1421 1981 1466 spondemus.

126 1483 281 1518 Ceterum
302 1489 336 1518 ut
356 1496 396 1519 eo
417 1485 556 1531 amplius
584 1487 614 1518 in
644 1488 766 1518 nostris
796 1489 828 1518 et.
857 1483 1028 1518 cuiuslibet
1058 1489 1206 1518 nostrum
1237 1487 1334 1517 terris
1364 1486 1547 1517 communis
1575 1487 1773 1528 procuretur
1802 1481 1922 1515 utilitas
1951 1485 1980 1514 et

126 1545 368 1591 impedimentis
396 1548 533 1579 semotis
553 1544 751 1591 quibuslibet
776 1545 889 1579 fideles
918 1548 1021 1578 nostri
1050 1544 1168 1579 subditi
1198 1549 1229 1578 et
1258 1544 1365 1578 incole
1394 1546 1425 1577 in
1447 1543 1608 1588 augendis
1636 1542 1736 1576 rebus
1757 1546 1788 1575 et
1817 1540 1983 1574 mercibus

125 1608 268 1651 propriis
304 1606 439 1640 valeant
474 1606 657 1640 commodis
698 1606 840 1649 inhiare,
887 1616 947 1639 nos
985 1616 1101 1639 omnes
1139 1609 1206 1639 tres
1244 1609 1275 1638 et
1313 1603 1447 1649 quilibet
1484 1607 1631 1637 nostrum
1668 1607 1699 1636 et
1737 1604 1914 1635 universos
1951 1605 1981 1634 et

125 1666 275 1711 singulos
320 1665 473 1700 homines
520 1669 756 1712 cuiuscumque
798 1671 959 1709 nostrum,
1008 1666 1255 1711 qualiscumque
1302 1664 1506 1698 condicionis
1549 1666 1691 1697 existant
1734 1667 1764 1696 et
1806 1665 1981 1708 presertim

126 1731 343 1770 mercatores,
373 1726 412 1760 ad
433 1729 580 1761 cuiusvis
600 1732 748 1761 nostrum
769 1738 874 1772 regna
895 1727 1031 1760 ducatus
1060 1730 1090 1759 et
1120 1726 1263 1759 dominia
1291 1736 1351 1771 per
1371 1729 1478 1758 terras
1498 1729 1529 1757 et
1557 1734 1660 1769 aquas
1688 1734 1748 1769 pro
1773 1721 1984 1767 acquirendis

126 1786 292 1821 mercibus
330 1791 362 1821 et
399 1787 470 1821 aliis
507 1791 575 1821 suis
612 1787 724 1822 usibus
762 1787 979 1833 procurandis
1018 1786 1222 1820 declinantes
1257 1788 1288 1819 in
1326 1789 1473 1819 nostram
1509 1784 1737 1818 defensionem
1780 1787 1811 1817 et
1848 1782 1981 1816 tutelam

125 1850 322 1881 assumimus
360 1848 535 1893 speciales,
573 1859 699 1893 eosque
735 1850 902 1881 universis
940 1852 970 1881 et
1007 1847 1144 1891 singulis
1178 1845 1320 1890 juribus,
1357 1845 1553 1891 privilegiisq
1592 1843 1808 1887 libertatibus,
1846 1845 1981 1888 graciisq

124 1907 257 1942 indultis
286 1912 317 1941 et
346 1907 639 1942 consuetudinibus
668 1907 763 1942 bonis
801 1913 833 1942 et
870 1906 1086 1941 laudabilibus
1124 1917 1256 1940 exnunc
1293 1909 1423 1940 inantea
1462 1905 1525 1939 frui
1563 1910 1595 1938 et
1631 1905 1780 1949 gaudere
1816 1903 1981 1946 volumus.

125 1967 242 2013 quibus
275 1968 351 2002 olim
381 1968 441 2002 sub
470 1971 761 2002 serenissimorum
791 1968 955 2014 quondam
984 1970 1167 2014 principum
1197 1967 1404 2000 dominorum
1435 1970 1467 1999 et
1501 1968 1752 2012 progenitorum
1791 1969 1980 1998 nostrorum

123 2033 156 2062 et
183 2031 357 2073 signanter
386 2029 509 2063 domini
538 2029 697 2063 Ludovici
735 2032 827 2074 regis
855 2028 1028 2074 Hungarie
1057 2027 1163 2061 felicis
1201 2027 1450 2060 recordacionis
1488 2025 1691 2071 temporibus
1729 2024 1805 2058 freti
1843 2029 1915 2058 sunt
1950 2028 1981 2057 et

125 2088 333 2122 laudabiliter
361 2092 465 2134 potiti.
495 2088 689 2123 Presentem
718 2094 828 2123 tamen
857 2090 956 2134 ligem
978 2093 1007 2122 et
1029 2091 1183 2122 unionem
1205 2092 1319 2121 contra
1340 2089 1590 2120 serenissimum
1611 2089 1792 2132 principem
1815 2085 1981 2119 dominum

126 2149 364 2183 Wenceslaum
380 2149 608 2184 Romanorum
625 2154 655 2184 et
671 2150 834 2184 Bohemie
853 2161 968 2194 regem
990 2161 1028 2182 ac
1048 2149 1205 2182 illustrem
1225 2148 1390 2181 dominum
1406 2146 1592 2181 Johannem
1613 2147 1730 2180 duceni
1753 2145 1980 2179 Gorlicensem

126 2208 246 2243 fratres
274 2214 407 2244 nostros
423 2213 614 2244 carissimos
643 2210 794 2244 nolumus
823 2221 899 2244 esse
929 2210 1064 2243 alicuius
1093 2208 1224 2242 roboris
1253 2219 1291 2241 ac
1320 2211 1459 2252 vigoris,
1489 2219 1551 2241 nec
1576 2207 1728 2241 volumus
1752 2209 1856 2240 eciam
1877 2206 1982 2250 ligare

126 2273 157 2302 et
198 2269 301 2303 literis
337 2270 616 2315 predecessorum
654 2275 842 2305 nostrorum
886 2270 1026 2315 aliquale
1060 2269 1277 2315 prejudicium
1315 2279 1492 2313 generare.
1542 2267 1755 2301 Presencium
1793 2271 1979 2300 nostrarum

126 2332 312 2363 testimonio
356 2330 537 2364 literarum.
597 2330 717 2364 Datum
765 2330 900 2365 Bosonii
943 2334 973 2364 in
1012 2330 1097 2363 festo
1143 2331 1294 2374 corporis
1340 2328 1473 2371 Christi„
1519 2338 1606 2361 auno
1651 2327 1772 2360 domini
1808 2326 1981 2360 millesimo

128 2393 363 2424 trecentesimo
391 2395 622 2436 nonagesimo.

436 2470 511 2502 (Von
543 2470 604 2495 dviii
630 2471 776 2495 Olmiitzer
801 2471 914 2503 Rapite]
940 2470 1004 2495 aldo.
1035 2473 1061 2493 δ’.
1085 2469 1143 2494 ,11111
1173 2471 1251 2494 1ἵ15δ
1277 2469 1417 2493 vidiinirte
1442 2469 1534 2502 Kopic
1559 2469 1594 2492 1111
1624 2468 1710 2492 mulir.
1738 2466 1980 2492 lstilideszlndilx'eff:

539 2522 590 2547 dns
615 2522 691 2555 (Jrig.
719 2523 753 2546 iin
780 2522 806 2546 k.
832 2522 858 2547 k.
884 2522 946 2553 geli.
971 2521 1183 2547 &aursni-chive
1209 2521 1235 2545 111
1264 2520 1354 2547 wien,
1383 2520 1565 2550 Abgctli'uckt
1591 2519 1617 2544 111
1644 2519 1729 2544 Κ111·7,’
1756 2518 1891 2543 Attiroi-lit
1917 2518 1981 2545 Hi,

540 2574 621 2598 Band
648 2574 697 2607 IL,
722 2583 748 2607 p.
776 2574 856 2606 21⁴5.)

1776 2758 1808 2781 titi
