2336 3074
1270 200 1342 232 :370

1262 303 1284 337 ⁴
1300 303 1366 337 15.

387 410 762 440 N1›lnriuIsim-[rutumt
794 406 877 439 ulwr
907 408 959 439 ein
991 407 1267 450 Sysnmlulslnlul.
1301 407 1443 440 weh-lans·
1473 409 1534 440 dci·
1567 407 1699 450 l'rngser
1732 406 1946 451 lfrzbixelms
1973 406 2098 439 lt'rm’s!
2130 417 2238 449 {leyen

442 470 494 501 div
526 468 718 510 Srlmdigscr
751 480 812 499 rou
847 467 1120 510 Isim-lee'nsltllae‘rn
1151 468 1218 501 mut
1246 468 1301 501 du*
1334 468 1637 512 (lesunycuuuleme
1667 480 1729 500 ron
1763 467 1940 500 ‘'lere'lwrn
1968 466 2164 511 publicis-le.

1001 527 1055 560 Ι)Ι.
1091 528 1224 561 (ΙΙιηῐΙΙῖ-
1253 527 1312 561 21.
1343 528 1476 561 ,Ιιῖηηνν
1508 528 1617 561 1387.

541 587 582 639 'n
615 610 746 639 nomine
769 606 889 638 domiui
920 617 1027 639 amen.
1055 606 1151 639 ,tuno
1178 609 1358 639 nativitatis
1379 606 1526 640 eiusdem
1550 606 1722 640 millesimo
1753 608 1988 639 trecentesimo
2010 606 2240 647 octuagesimo

374 671 514 713 septimo
549 668 733 700 iudici-ione
764 667 904 700 decima.
944 668 995 700 «lit¹
1026 670 1184 700 xiccsima
1215 670 1318 713 prima
1359 670 1481 700 mensis
1519 666 1666 700 Januarii
1706 667 1786 700 hora
1826 668 2004 699 terciarnm
2044 665 2096 699 vel
2136 666 2241 709 quasi„

376 727 582 773 pontificatus
612 730 810 760 sanctissimi
843 731 871 760 in
894 727 1026 761 Christo
1057 731 1159 773 patris
1188 733 1216 761 et
1241 728 1361 762 domini
1392 731 1494 762 nostri
1525 729 1646 762 domiui
1678 727 1800 762 Urbani
1823 728 1920 770 digna
1951 727 2002 760 (lei
2024 726 2240 772 providencia

376 800 458 834 pape
488 792 572 821 sexti
604 800 690 821 anno
720 800 820 822 ntmo.
851 789 1011 822 (thunucz
1050 792 1079 822 in
1119 789 1216 822 domo
1255 788 1474 823 habitacionis
1512 788 1714 822 venerabilis
1752 791 1815 822 viri
1851 789 1973 822 ‹lomini
2003 787 2164 820 Johaunis
2202 786 2242 820 de

375 849 503 882 (iliulcn
559 852 674 882 vicarii
714 852 743 882 iu
787 849 1010 894 spiritualibus
1049 854 1076 882 et
1118 849 1269 883 oslicialis
1305 853 1396 883 curie
1444 850 1642 896 episcopalis
1682 849 1915 883 Olomucrnsis
1954 851 1983 882 in
2023 851 2085 881 mei
2124 849 2241 881 notarii

374 909 491 955 publici
524 910 723 955 infrascripti
755 913 952 955 testiumque
984 913 1157 955 presencia
1188 910 1449 956 subscriptorinn
1481 913 1676 944 constitutus
1706 910 1927 956 personaliter
1956 907 2161 942 honorabilis
2190 910 2243 941 vir

374 971 525 1003 (lominus
556 973 715 1013 magister
744 969 890 1002 Jacobus
921 970 1093 1004 Bmlwicz.
1135 973 1279 1003 vicarius
1309 975 1488 1016 perpetuus
1528 971 1671 1004 ecclesie
1702 970 1944 1004 Oloniucensis.
1984 973 2182 1015 procurator
2211 972 2243 1001 et

374 1033 605 1076 prm-uratorio
636 1033 769 1063 noniinc
800 1030 1040 1063 venerabilium
1072 1034 1220 1064 virorum
1252 1031 1459 1064 dominorum
1491 1034 1727 1065 canonicorum
1759 1035 1790 1064 et
1819 1031 1950 1077 capituli
1981 1030 2125 1064 ecclesie
2155 1029 2242 1063 Olo-

377 1095 542 1124 muecnsis
582 1091 741 1137 predicte.
783 1095 876 1137 prout
909 1091 948 1124 de
987 1103 1046 1125 suc
1083 1093 1335 1137 procuracionis
1375 1092 1528 1125 mandato
1567 1092 1651 1138 apud
1688 1096 1760 1125 acta
1791 1094 1980 1125 consistorii
2011 1091 2243 1124 Olomnoensis

376 1153 472 1199 plene
503 1152 686 1185 constabat.
717 1163 829 1185 eoram
861 1152 1045 1186 venerabili
1067 1155 1139 1185 viro
1170 1153 1302 1186 doinino
1333 1152 1486 1186 Johanue
1516 1155 1644 1186 vicario
1674 1157 1702 1186 et
1725 1152 1857 1185 ol'liciali
1879 1152 2040 1198 predicto.
2070 1154 2141 1197 ipso
2168 1155 2244 1184 tunc

376 1214 414 1247 ad
445 1224 563 1247 causas
593 1213 790 1245 audiemlum
822 1217 851 1245 et
877 1214 952 1257 jura
984 1213 1188 1246 reddendum
1218 1213 1356 1247 sedente
1390 1225 1449 1259 pro
1486 1213 1650 1256 tribunali„
1686 1213 1817 1259 petebat
1857 1216 2029 1255 instanter,
2068 1211 2128 1246 sibi
2158 1222 2243 1257 pro-

375 1277 543 1308 curatorio
573 1276 706 1306 nomine
727 1273 876 1319 predicto
906 1276 1035 1318 copiam
1057 1274 1262 1318 quorundam
1293 1278 1488 1308 statutorum
1518 1286 1578 1319 per
1599 1274 1901 1308 reverendissimos
1930 1277 2042 1319 patres
2063 1271 2243 1306 recolende

375 1337 536 1368 memorie
557 1334 709 1367 dontinus
729 1334 906 1367 ,xi-nostum
930 1333 1218 1380 archiepiscopum
1240 1334 1458 1377 Prae-ensem.
1479 1334 1667 1367 Johannem
1697 1338 1729 1367 et
1749 1334 1938 1367 Conradum
1969 1333 2044 1367 olim
2067 1336 2244 1378 episcopos

376 1396 618 1430 Oloinueeuses
649 1394 810 1427 editorum
842 1405 885 1427 ex
915 1393 998 1427 libro
1027 1399 1222 1428 statutorum
1254 1394 1453 1439 huiusmodi⁷
1483 1406 1579 1440 quem
1611 1399 1687 1428 tnnc
1717 1394 1864 1440 prefatus
1894 1394 2046 1428 dominns
2071 1393 2243 1427 Johannes

376 1459 522 1489 vicarius
543 1460 573 1488 et
594 1454 746 1488 officialis
767 1457 797 1487 in
819 1457 886 1488 suis
907 1454 1041 1488 tenebat
1062 1454 1224 1493 manibus„
1254 1455 1314 1489 sub
1336 1466 1433 1489 manu
1455 1454 1584 1501 publica
1605 1454 1749 1494 extrahi„
1780 1454 1973 1488 transscribi
1995 1459 2027 1488 ct
2052 1454 2242 1488 transsumi.

376 1516 429 1551 Ad
460 1519 552 1549 cuius
590 1517 791 1561 peticionem
821 1514 972 1549 dominus
1002 1514 1173 1549 Johannes
1203 1519 1348 1550 vicarius
1386 1521 1419 1549 ct
1447 1516 1600 1550 officialis
1628 1516 1797 1562 predictus
1827 1520 1945 1550 statuta
1975 1514 2162 1549 huiusmodi
2201 1525 2244 1548 ex

375 1581 446 1623 ipso
477 1576 560 1609 libro
590 1580 784 1610 statutorum
815 1587 875 1621 per
905 1587 957 1608 me
986 1579 1150 1610 notarium
1188 1576 1409 1622 subscriptum
1448 1576 1508 1610 sub
1543 1588 1638 1610 manu
1669 1576 1799 1622 publica
1829 1579 2018 1619 transsumi,
2057 1577 2182 1621 copiari
2212 1579 2245 1608 et

374 1641 405 1671 in
435 1637 574 1670 sormam
606 1636 712 1680 redigi
742 1636 862 1682 publici
891 1639 1099 1670 instrumenti
1130 1637 1299 1671 mandavit
1327 1642 1359 1670 et.
1389 1637 1550 1680 decrevit,
1581 1648 1720 1683 quorum
1751 1637 1882 1682 quidem
1913 1640 2110 1670 statutorum
2148 1640 2245 1670 tenor

376 1701 525 1743 seqnitur
547 1700 576 1730 in
599 1697 660 1730 hec
681 1696 806 1730 verba:
839 1697 943 1741 „Item
966 1708 1040 1730 cum
1070 1697 1186 1742 aliquis
1215 1697 1333 1732 nobilis
1358 1700 1563 1743 jnsticiarius
1584 1710 1643 1732 seu
1672 1698 1776 1732 laicus
1806 1700 1993 1743 quicunque
2022 1698 2245 1742 captivaverit

377 1759 518 1804 aliquem
550 1758 708 1791 clericum
738 1768 798 1803 pro
829 1758 920 1791 clero
950 1769 986 1791 sc
1011 1763 1186 1803 gerentem
1217 1770 1275 1792 sen
1297 1759 1495 1805 depredatus
1526 1759 1625 1792 fuerit
1645 1759 1741 1792 alicui
1762 1758 1906 1792 ecclesie
1931 1757 2029 1794 hona
2060 1756 2242 1803 cappellani

376 1824 562 1853 castrorum
593 1819 779 1852 huiusmodi
819 1824 848 1852 et
886 1818 1016 1865 plebani
1052 1819 1214 1861 locorum,
1251 1819 1429 1864 inquibus
1468 1820 1609 1853 clericus
1649 1819 1814 1853 detinetur
1853 1821 2005 1865 captivus
2043 1823 2097 1851 aut
2138 1817 2240 1863 preda

377 1885 542 1914 servatur.
582 1891 677 1925 quam
716 1882 856 1925 primum
894 1879 957 1913 hoc
996 1883 1143 1923 scierint„
1188 1891 1254 1913 non
1292 1885 1470 1926 expectato
1509 1892 1609 1926 super
1651 1880 1715 1914 hoc
1753 1880 1816 1913 alio
1855 1882 2037 1925 superioris
2075 1878 2241 1922 mandam,

376 1953 391 1974 a
423 1940 657 1974 celebracione
686 1940 873 1974 divinorum
912 1945 1045 1975 cessent
1074 1940 1134 1974 sub
1172 1952 1256 1987 pena
1293 1943 1668 1984 cxconnnnnicacionis,
1698 1952 1795 1986 quam
1826 1940 2003 1974 facientem
2038 1942 2240 1973 contrarium

375 2002 524 2035 incidere
554 2001 706 2034 volumus
745 2012 784 2034 eo
816 2001 914 2035 sacto.
970 2001 1086 2035 Nullus
1124 2001 1283 2035 laicorum
1322 2001 1479 2034 clericum
1518 2012 1749 2046 quemcunque
1779 2001 1985 2035 deferentem
2016 2011 2175 2034 coronam
2210 2004 2242 2033 et

376 2061 520 2095 habitum
551 2061 739 2095 clericalem
771 2064 842 2095 sinc
863 2062 1125 2095 demandacione
1147 2062 1364 2095 ecelesiastici
1390 2062 1511 2106 judicis
1532 2065 1704 2107 captivare
1724 2065 1916 2107 presumat3
1946 2061 2031 2106 quod
2054 2063 2079 2094 si
2111 2060 2241 2103 fecerit„

377 2125 739 2156 excommunicacionis
769 2125 973 2156 sentenciam
1005 2123 1114 2156 incidit
1144 2125 1216 2168 ipso
1247 2122 1346 2156 facto.
1377 2133 1393 2155 a
1424 2134 1486 2167 qua
1517 2134 1591 2156 eum
1621 2123 1711 2156 solus
1740 2133 1824 2168 papa
1853 2121 2032 2155 absolvere
2067 2125 2176 2167 potest
2211 2126 2242 2155 et

378 2182 611 2216 nichilominus
648 2185 677 2216 in
717 2185 787 2216 eins
826 2182 1038 2228 obprobrium
1078 2183 1220 2216 clericus
1258 2185 1412 2225 civitatis7
1442 2183 1532 2226 villeff
1563 2183 1649 2229 opidi
1682 2183 1737 2217 vel
1775 2185 1875 2216 castri
1910 2194 1968 2216 sen
1999 2182 2170 2228 parochie,
2209 2185 2241 2215 in

377 2242 493 2287 quibus
523 2248 638 2288 eaptus
669 2248 715 2277 cst
747 2255 805 2277 sen
836 2243 1000 2277 detinetur
1029 2246 1193 2289 captivus„
1223 2255 1264 2277 eo
1293 2246 1376 2290 ipso.
1413 2243 1476 2277 alio
1513 2255 1579 2277 non
1610 2248 1786 2289 expectato
1816 2243 1970 2276 mandato
2009 2245 2239 2277 cessacionem

377 2302 472 2336 faciat
503 2315 520 2336 a
551 2303 681 2337 divinis.
713 2303 819 2337 donec
850 2315 909 2349 per
939 2304 1107 2337 diozesani
1136 2304 1400 2349 providenciam,
1430 2304 1469 2337 ad
1500 2307 1592 2337 cuius
1613 2306 1767 2337 noticiam
1798 2303 1827 2337 id
1850 2303 2021 2349 perferant
2049 2305 2120 2337 sine
2146 2314 2238 2337 mora

377 2363 431 2395 vel
461 2363 555 2396 aliter
582 2363 736 2401 ltbentun
772 2375 834 2397 nec
865 2364 981 2409 aliquis
1019 2367 1343 2409 consanquineorum
1373 2376 1432 2398 seu
1470 2367 1652 2398 amicorum
1691 2364 1804 2397 clerici
1839 2364 1948 2398 taliter
1986 2366 2143 2410 captivati
2179 2375 2239 2410 pro

378 2426 478 2468 ipsius
506 2423 709 2457 liberacione
739 2423 799 2458 sub
821 2427 1185 2458 excommunicacionis
1214 2436 1299 2471 pena
1329 2424 1448 2469 aliquid
1470 2424 1590 2458 audeat
1618 2424 1753 2458 solvere
1782 2424 1836 2458 vel
1866 2424 1906 2458 de
1927 2424 2090 2459 solvendo
2112 2435 2240 2470 ponere

378 2486 582 2517 caucionem.
614 2484 665 2517 Ex
686 2485 827 2518 concilio
849 2484 1207 2530 Aschanfenburgensi
1228 2487 1411 2528 statuimus,
1432 2490 1466 2518 ut
1486 2495 1613 2525 omnes„
1643 2487 1696 2530 qui
1718 2485 1860 2519 clericos
1889 2487 1920 2518 in
1941 2488 2046 2519 sacris
2067 2483 2237 2519 ordinibus

379 2546 572 2577 constitutos
602 2555 661 2589 pro
691 2545 821 2578 clericis
850 2556 887 2578 se
915 2549 1085 2590 gerentes„
1117 2550 1148 2579 et
1177 2548 1321 2579 maxime
1350 2545 1495 2591 prelatos
1525 2549 1556 2578 et
1585 2548 1765 2579 canonicos
1794 2545 1937 2579 ecclesie
1966 2544 2169 2579 kathedralis
2198 2556 2236 2578 ae

378 2603 457 2636 alias
483 2614 644 2648 personas
665 2608 859 2638 constitutas
881 2608 1030 2651 captivas
1051 2606 1212 2650 detinere,
1243 2606 1410 2649 occidere,
1441 2605 1592 2639 mutilare
1621 2605 1771 2640 letalibus
1797 2617 1836 2639 ac
1856 2605 2023 2640 atrocibus
2043 2605 2238 2640 vulneribus

379 2663 558 2697 vulnerare
584 2668 856 2710 presumpserint.
888 2669 958 2711 ipso
988 2665 1075 2699 facto
1095 2670 1169 2699 sunt
1191 2668 1469 2699 excommunicati
1498 2670 1527 2699 et
1549 2676 1616 2699 non
1644 2666 1750 2700 solum
1779 2668 1811 2700 in
1840 2669 1988 2700 terminis
2016 2666 2100 2699 illius
2121 2665 2238 2700 archi—
