2336 3074
978 192 1051 226 255

80 298 163 340 aliis>
201 296 452 342 quibuscunque
491 301 520 329 et
558 295 842 341 qualibuscunque
880 299 1005 341 possint
1045 297 1245 342 specialibus
1283 298 1456 332 vocabulis
1494 298 1675 342 designariq
1720 296 1951 330 libertavimns

81 360 256 392 cxeminus
285 361 317 390 et
337 361 453 390 tenore
473 359 685 402 presencium
707 356 746 389 de
768 361 858 390 certa
880 361 992 390 nostra
1023 360 1168 390 sciencia
1189 362 1221 391 et
1250 362 1446 392 auctoritate
1468 361 1561 403 regia
1584 357 1721 391 Boemie
1742 357 1952 399 libei·tamus‚

80 417 285 452 absolvimus
315 421 347 451 ct.
375 420 550 462 quitamus.
572 416 802 450 Decernentes
823 428 997 462 expresse,
1020 422 1182 462 quatenus
1202 418 1426 451 XVenceslaus
1447 419 1594 464 prefatus
1625 421 1804 452 occasione
1834 418 1951 450 domus

80 484 111 513 et
141 490 221 512 arec
250 477 438 511 huiusmodi
467 489 505 511 ac
535 480 639 510 eciam
670 477 787 510 cadem
824 477 941 526 domus
971 482 1000 510 et
1031 488 1122 511 area.
1153 489 1216 523 que
1246 477 1406 511 hactenus
1427 478 1467 511 ab
1497 482 1586 512 omni
1615 482 1743 524 penitus
1780 478 1951 512 solucione

80 541 204 573 civitati
233 538 384 572 facienda
414 538 518 571 libera
547 537 605 571 fuit
626 537 828 571 omnimode.
859 549 960 571 censu
983 538 1151 571 dumtaxat
1181 538 1322 583 quodam
1351 544 1494 584 excepto
1524 550 1583 584 pro
1612 542 1815 572 monasterio
1845 540 1951 572 sancti

80 600 251 633 Francisci
289 599 464 642 solvendo,
500 610 517 632 a
563 609 626 644 quo
665 600 770 631 eciam
809 601 919 631 existit
957 598 1092 632 realiter
1129 598 1289 641 absoluta„
1327 599 1367 632 ad
1406 610 1677 644 quarumminque
1717 599 1949 643 lozungarum„

80 665 279 702 steni-araim
300 662 553 705 imposicionum
575 663 605 692 et
627 658 912 692 contribucionum
934 659 1139 692 solucionem
1162 658 1290 692 civibus
1311 662 1453 692 civitatis
1475 664 1588 692 nostre
1610 663 1744 692 maioris
1770 659 1951 703 Pragensis

80 721 228 755 eiusdem
258 720 443 754 nullatenus
464 724 638 753 teneantur
667 719 722 753 vel
742 719 807 752 ullo
837 730 981 764 unquam
1011 724 1162 764 tempore
1191 722 1316 753 astricti
1346 722 1408 753 sint
1439 719 1698 764 quomodolibet.
1726 731 1804 764 ymo
1834 722 1949 765 pocius

78 784 150 827 ipse
187 785 219 814 et
253 791 470 814 successores
508 783 558 813 sui
593 780 732 813 eandem
772 780 917 822 domum,
956 791 1019 824 que
1057 779 1161 812 libera
1199 779 1258 812 fuit
1295 779 1389 821 alias.
1427 784 1459 812 ut
1498 782 1707 824 premittitur.
1748 791 1881 812 exnunc
1919 783 1951 812 et

78 844 210 875 inantea
231 840 271 874 ab
292 843 459 874 universis
480 840 667 874 huiusmodi
687 840 913 874 solucionibus
930 842 1118 884 ceterisque
1138 839 1395 882 vexacionibus,
1413 840 1572 873 molestiis
1595 845 1625 872 ct
1642 839 1949 884 aggravacionibus

79 906 269 947 exemptam
300 906 332 934 et
360 901 544 934 absolutam
573 904 703 946 penitus
732 900 870 946 pacifice
898 900 1003 934 libere
1032 904 1262 946 inperpetuum
1292 900 1484 946 possideant
1522 905 1552 933 et
1583 903 1703 945 quiete.
1752 900 1949 934 Mandaiuus

78 965 179 1007 igitur
202 961 318 1005 judici,
348 961 538 995 consulibus
568 966 598 994 et
615 963 735 1005 juratis
764 961 912 1007 predicte
941 963 1077 994 maioris
1107 963 1250 994 civitatiS
1279 960 1460 1005 Pragensis
1490 960 1626 993 lirmiter
1656 965 1685 993 et
1716 960 1875 994 districte.
1907 971 1950 993 ne

79 1034 96 1056 a
127 1022 256 1068 prefato
286 1022 492 1056 W'enceslao
522 1026 553 1055 et
582 1021 836 1056 successoribus
865 1025 944 1056 suis.
975 1026 1007 1055 ut
1037 1023 1247 1067 premittitur,
1278 1021 1419 1065 aliquam
1449 1020 1605 1064 lommge,
1643 1024 1766 1053 steure.
1806 1022 1949 1065 imposi-

79 1085 196 1125 cionis,
227 1082 486 1116 contribueionis
507 1087 539 1116 et
568 1085 762 1116 exaccionis
782 1083 987 1116 solucionem
1016 1086 1173 1128 pretextu
1194 1081 1311 1115 domus
1341 1081 1489 1114 eiusdem
1520 1092 1663 1125 unquam
1693 1081 1758 1114 ullo
1799 1085 1949 1125 tempore

80 1143 220 1177 affuturo
250 1143 428 1189 postulent,
457 1146 628 1189 requirant
665 1143 721 1176 vel
750 1146 886 1188 exigant
925 1154 985 1177 seu
1013 1142 1183 1188 postulare
1221 1142 1276 1175 vel
1306 1144 1447 1186 exigere
1476 1144 1665 1187 permittant
1701 1140 1949 1186 quomodolibet

79 1203 420 1249 impignoracionibus
455 1203 511 1237 vel
549 1204 655 1237 modis
688 1203 760 1236 aliis
796 1203 1059 1248 quibuscunque,
1098 1207 1182 1237 sicut
1219 1203 1488 1247 indignacionem
1528 1207 1675 1235 nostram
1714 1204 1950 1246 gravissimam

79 1265 246 1298 voluerint
275 1267 414 1298 evitare.
445 1264 659 1298 Presencium
688 1263 748 1297 sub
778 1267 873 1308 regie
901 1268 1016 1297 nostre
1044 1263 1228 1298 Maiestatis
1257 1263 1366 1307 sigillo
1396 1265 1585 1297 testimonio
1615 1263 1797 1296 literarum.
1828 1261 1949 1295 Datum

79 1324 189 1369 Prage
217 1336 304 1358 anno
325 1325 447 1359 domini
476 1325 650 1359 millesimo
672 1327 908 1358 trecentesimo
938 1327 1168 1369 octuagesimo
1195 1327 1300 1358 tercio
1329 1323 1426 1357 XVII
1455 1322 1520 1357 kal.
1552 1322 1738 1365 Februarii,
1767 1333 1950 1367 regnorum

79 1390 271 1431 nostrorum
301 1396 387 1419 anno
416 1384 555 1419 Boemie
584 1382 668 1419 XXO
696 1385 925 1419 Romanorum
954 1396 1039 1418 vero
1068 1382 1160 1418 VIIO.

589 1446 643 1480 Ad
673 1446 862 1479 mandatum
892 1445 997 1489 Regis
1027 1445 1205 1479 forest-ario
1234 1444 1405 1478 referente
1434 1443 1596 1477 Martinus
1627 1443 1844 1476 Scolasticus.

392 1525 482 1559 (Orig.
506 1526 589 1558 Perg.
613 1525 640 1550 h.
665 1524 722 1558 Sig.
747 1525 783 1549 im
809 1524 862 1557 Igl.
887 1523 1110 1557 Stadt-archive.)

966 1677 1074 1712 284.

84 1773 197 1815 ῥεηὲΙι·
233 1792 297 1814 von
338 1780 516 1814 Bac-on-its
554 1780 696 1823 ert-lart,
738 1770 831 1813 {reim
867 1780 928 1814 der
965 1780 1029 1814 ilem
1069 1779 1263 1813 cerlieleene
1304 1777 1833 1822 Oriqinal-Pt·icIquz'al—Brz'ef
1865 1776 1948 1809 tiber

82 1842 267 1884 Poteoroc,
297 1841 359 1875 der
396 1840 552 1874 cerloren
589 1842 703 1884 ye'enq,
725 1843 766 1884 J'e
801 1841 971 1885 yefemden
1012 1840 1138 1880 warde,
1169 1841 1251 1873 dass
1289 1838 1447 1873 ‹lerselbe
1486 1839 1559 1871 dem
1598 1838 1740 1871 Ji'loster
1777 1836 1950 1870 l'elehrad

296 1901 505 1946 qeqennber,
536 1901 683 1934 welches
711 1900 884 1934 Potcorov
906 1903 995 1945 Jetzt
1023 1900 1156 1943 bestia,
1186 1899 1287 1933 keine
1319 1899 1463 1943 Geltuny
1491 1898 1602 1931 haben
1633 1897 1729 1931 solle.

730 1961 788 1995 Dt.
820 1961 913 2005 Praq
941 1961 1000 1994 22.
1030 1961 1165 1994 ,Ιίιῖηηεν
1194 1959 1305 1993 1383.

239 2039 334 2103 Ego
364 2057 500 2092 Czenko
530 2058 570 2091 de
599 2057 836 2102 Budczowycz
866 2066 1078 2101 recognosco
1107 2060 1225 2089 tenore
1261 2057 1473 2100 presencium
1510 2055 1690 2087 universis.
1748 2051 1843 2093 Quod
1874 2054 1949 2096 quia

82 2121 210 2154 literam
239 2119 496 2165 privilegialem,
526 2129 622 2163 quam
653 2117 753 2151 habui
788 2128 888 2162 super
915 2117 994 2151 villa
1023 2116 1225 2159 Potworicz,
1255 2118 1348 2149 cuius
1376 2117 1625 2161 possessionem
1665 2117 1802 2158 propter
1840 2111 1949 2145 debita

83 2185 253 2214 contracta
291 2179 376 2225 apud
414 2179 540 2213 Judeos
578 2190 645 2212 non
682 2178 770 2212 valui
808 2177 971 2220 obtinere,
1006 2177 1065 2211 sed
1103 2176 1328 2210 condescendi
1365 2175 1472 2209 libero
1511 2174 1689 2208 voluntatis
1731 2171 1868 2205 arbitrio
1908 2171 1948 2204 de

83 2240 213 2283 eadem,
243 2243 269 2274 si
298 2243 470 2284 continget
498 2242 602 2285 ipsam
633 2250 788 2283 umquam
818 2238 857 2271 ad
887 2238 993 2271 lucem
1022 2237 1162 2283 produci
1191 2237 1308 2270 futuris
1344 2234 1562 2281 temporibus‚
1593 2245 1666 2267 cum
1698 2235 1858 2278 quesitam
1888 2243 1948 2277 per

84 2312 136 2334 me
164 2311 231 2334 non
259 2300 349 2333 valui
377 2311 437 2345 pro
466 2303 529 2334 isto
558 2302 711 2334 invenire
750 2303 912 2344 tempore‚
943 2302 1105 2331 mortuam
1145 2302 1175 2331 et
1214 2297 1333 2330 nullius
1367 2299 1497 2341 vigoris
1535 2305 1644 2339 neque
1683 2292 1767 2338 apud
1807 2303 1859 2325 me
1894 2291 1950 2324 vel

83 2372 311 2406 quoscumque
340 2361 422 2394 alios
451 2361 589 2394 alicuius
618 2362 766 2393 existere
795 2359 968 2392 firmitatis.
1024 2357 1224 2391 Promittens
1251 2357 1339 2391 bona
1374 2355 1438 2389 fide
1467 2359 1539 2389 sine
1569 2354 1644 2388 dolo
1674 2352 1831 2398 quolibet,
1862 2351 1949 2396 quod

82 2425 206 2455 virtute
235 2421 307 2454 talis
336 2421 431 2454 litere
459 2420 559 2454 michi
587 2431 755 2465 nunquam
784 2419 849 2452 ullo
879 2423 1030 2464 tempore
1054 2420 1109 2462 jus
1139 2418 1270 2463 aliquod
1299 2417 1378 2451 volo
1408 2428 1467 2450 seu
1497 2415 1604 2449 debeo
1633 2413 1828 2446 vendicare.
1872 2411 1948 2445 Re-

83 2485 266 2516 nunccians
294 2484 383 2514 omni
416 2482 484 2525 juri
521 2485 553 2514 et
591 2481 749 2523 dominio,
789 2491 852 2525 que
891 2479 976 2513 forte
1010 2481 1132 2523 vigore
1168 2478 1386 2524 privilegialis
1424 2476 1572 2522 predicte
1608 2475 1728 2516 littere‚
1767 2476 1795 2506 si
1832 2476 1950 2518 postea

83 2545 303 2585 inveniretur,
333 2540 433 2574 michi
461 2546 598 2587 possent
627 2545 832 2586 competere,
854 2540 894 2573 de
915 2539 1032 2584 quibus
1061 2550 1113 2572 me
1143 2549 1232 2572 exuo
1253 2543 1283 2572 et
1304 2536 1515 2584 presentibus
1536 2536 1623 2569 facio
1644 2536 1774 2579 penitus
1795 2532 1948 2565 alienum.

83 2601 125 2635 Et
163 2607 197 2635 ut
231 2605 366 2635 maioris
401 2605 530 2646 vigoris
564 2605 740 2647 presencia
778 2600 880 2634 robur
921 2599 1103 2641 obtineant,
1140 2609 1202 2632 nos
1230 2598 1375 2631 Wznaia
1406 2597 1511 2630 dictus
1551 2594 1658 2628 Ileclit
1702 2593 1742 2626 de
1783 2592 1950 2637 Rossycz.

84 2661 252 2707 Philippus
281 2662 321 2695 de
352 2662 588 2707 Svoyganow.
619 2661 752 2695 Ulrieus
781 2661 822 2694 de
851 2661 1027 2702 Lewnow3
1057 2659 1224 2693 Henricus
1253 2658 1359 2691 dictus
1388 2656 1483 2701 Pssug
1512 2655 1552 2688 de
1572 2653 1745 2695 Rabstein,
1767 2652 1949 2685 Benessius
