2336 3074
1018 205 1091 240 475

280 307 322 342 Et
351 320 416 355 ego
445 309 690 345 Wenczeslaus
723 310 950 344 Bartholomei
987 311 1028 343 de
1056 310 1215 354 Polenka‚
1254 311 1396 346 clericus
1426 311 1605 358 Pragensis
1643 313 1798 358 diocesis,
1835 313 1985 361 publicus

123 370 320 403 auctoritate
348 371 510 416 imperiali
540 373 700 415 notarius,
730 372 886 418 predictis
916 374 1060 406 cessioni
1097 371 1160 405 litis
1190 377 1253 406 etc.
1284 384 1348 407 una
1386 384 1459 407 cum
1497 377 1737 420 prenominatis
1773 375 1912 410 testibus
1945 386 1984 410 ac

122 427 347 463 Wenczeslao
375 429 594 465 Milaczkonis
624 431 664 465 de
692 431 901 478 Rokyczano
938 435 1067 466 notario
1097 436 1129 465 et.
1166 433 1295 478 collega
1325 445 1400 467 meo
1429 434 1641 480 infrascripto
1677 447 1816 481 presens
1851 436 1985 470 interfui

123 500 229 534 eaque
258 493 367 524 omnia
397 495 429 524 et
457 492 587 536 singula
617 496 681 526 etc.
711 495 742 526 in
763 492 849 526 hanc
878 492 1042 538 publicam
1071 492 1212 526 formam
1232 493 1350 539 redegi
1378 497 1541 540 signoque
1571 500 1602 529 et
1622 498 1755 530 nomine
1784 507 1859 530 meo
1879 497 1984 531 solitis

123 554 155 583 et
174 553 342 584 consuetis
370 562 511 585 unacum
535 555 739 598 appensione
760 553 943 598 sigillorum
965 552 1207 587 honorabilium
1227 556 1376 588 virorum
1403 554 1612 589 dominorum
1633 555 1762 589 Nicolai
1791 556 1831 590 de
1846 556 1983 591 VVessel

122 613 281 656 prepositi
302 610 446 645 ecclesie
475 615 580 646 sancti
600 612 688 647 Petri
718 615 749 646 in
778 612 900 656 Bruua,
930 612 1091 647 Johannis
1120 616 1223 648 sancti
1244 613 1361 648 Jacobi
1390 614 1510 649 ibidem
1540 620 1571 649 et
1591 615 1720 650 Nicolai
1749 619 1781 650 in
1800 616 1982 651 Moravans

122 673 331 715 consignavi„
362 675 489 716 rogatis
518 677 549 706 et
578 676 745 718 requisitis
774 676 804 707 in
834 672 930 707 fidem
961 678 993 707 et
1022 676 1244 707 testimonium
1274 677 1418 708 omnium
1448 679 1698 721 premissorum.

275 731 316 765 Et
355 743 420 777 ego
448 732 673 768 Wenceslaus
711 739 806 768 natus
834 733 1066 780 Mylaczkonis
1102 734 1142 768 de
1179 733 1386 781 Rokyczana
1424 735 1603 781 Pragensis
1638 737 1793 780 diocesis,
1830 737 1981 784 publicus

119 795 316 826 auctoritate
344 793 507 838 imperiali
536 796 685 828 notarius
714 798 778 828 etc.
815 794 868 828 hic
898 806 950 828 mc
978 793 1161 840 subscripsi
1196 797 1361 841 signoque
1397 800 1429 830 et
1466 799 1600 830 nomine
1635 800 1717 831 meis
1752 797 1856 832 solitis
1892 809 1980 832 con-

119 854 251 898 signavi
279 855 458 899 requisitus
487 857 519 887 et
548 859 685 899 rogatus
714 857 746 888 in
775 853 873 888 fidem
903 859 936 888 et
964 857 1187 889 testimonium
1217 858 1362 889 omnium
1391 859 1644 902 premissorum.

431 931 522 966 (Orig.
549 933 629 965 Pei-g.
663 933 679 958 3
712 942 748 958 au
779 933 1067 967 Pergamentstreifen
1101 934 1128 958 h.
1159 933 1218 968 sig.
1250 934 1278 959 in
1310 934 1364 960 (len
1388 934 1483 961 Akten
1515 936 1564 962 des
1588 936 1718 962 Klosters
1747 937 1921 964 Maria-Saul
1945 938 1981 963 im

535 984 715 1009 matu-{sehon
751 985 991 1011 Landesarchive.
1019 1001 1056 1004 —
1082 985 1115 1010 In
1147 986 1230 1011 dorso
1260 994 1316 1011 von
1347 986 1562 1021 gleichzeitiger
1596 988 1696 1013 Hand:
1734 989 1980 1015 Abrenuncciaeio

536 1036 610 1060 omni
631 1036 689 1068 juri
719 1045 803 1070 supra
828 1036 939 1070 capella
971 1037 1063 1062 sancti
1088 1037 1218 1071 Procopii
1250 1046 1300 1071 per
1331 1037 1474 1063 (lominum
1499 1039 1672 1065 Blazkonem
1706 1040 1857 1074 plebanum
1889 1042 1980 1066 sancti

535 1087 714 1118 wencesl=1i3
738 1103 780 1106 —
805 1088 881 1113 daun
905 1088 955 1113 mit
978 1088 1177 1122 Schriftziigen
1202 1089 1250 1114 des
1279 1090 1325 1116 1⁴3.
1350 1089 1469 1117 Jahrh.:
1504 1091 1552 1116 list
1576 1099 1613 1116 na
1637 1091 1715 1125 kapli
1739 1100 1781 1118 εν.
1805 1092 1980 1126 Proekopa.)

1002 1258 1107 1294 560.

120 1360 227 1395 Pabst
267 1360 384 1395 Urban
423 1360 476 1396 VI.
515 1362 652 1395 ertheilt
688 1361 801 1399 Allen,
841 1362 968 1396 welche
1006 1374 1079 1395 z-ecm
1117 1362 1411 1409 Wiederaufbaue
1454 1366 1515 1399 der
1555 1366 1728 1400 Olmatzer
1771 1366 1979 1402 Domltirclze

519 1423 724 1465 beisteuern,
756 1424 855 1457 einen
885 1423 1024 1457 Ablass.
1054 1422 1113 1457 Dt.
1144 1423 1244 1468 Rom,
1274 1424 1334 1458 29.
1363 1425 1437 1458 Julz·
1464 1425 1575 1460 1389.

273 1497 446 1553 Urbanus
475 1521 653 1565 episcopus
681 1530 802 1553 servus
830 1530 1009 1554 servorum
1038 1519 1090 1552 dei
1119 1522 1284 1555 universis
1314 1520 1436 1555 Christi
1473 1520 1623 1556 fidelibus
1651 1527 1826 1568 presentes
1862 1523 1976 1559 literas

118 1581 316 1625 inspecturis
352 1579 490 1613 salutem
530 1583 562 1613 et
598 1579 816 1625 apostolicam
852 1578 1139 1613 benediccionem.
1195 1580 1424 1616 Ecclesiarum
1460 1582 1595 1617 fabricis
1632 1594 1765 1617 manum
1801 1587 1977 1630 porrigere

116 1639 311 1673 adiutricem
339 1642 428 1685 pium
457 1639 542 1685 apud
572 1639 670 1673 deum
705 1644 738 1673 et
766 1642 972 1673 meritorium
1009 1644 1202 1685 reputantes
1235 1641 1429 1687 frequenter
1458 1642 1581 1677 Christi
1609 1642 1724 1678 fideles
1762 1644 1803 1678 ad
1840 1647 1976 1691 impen-

117 1700 260 1734 dendum
289 1701 442 1735 ecclesiis
469 1703 550 1746 ipsis
578 1700 737 1734 auxilium
765 1703 888 1734 nostris
917 1701 1020 1735 literis
1050 1701 1270 1736 exhortamur
1298 1707 1329 1736 et
1363 1707 1396 1736 ut
1425 1703 1465 1737 ad
1494 1703 1525 1737 id
1554 1714 1594 1737 eo
1623 1703 1748 1739 forcius
1777 1708 1976 1749 animentur,

117 1772 181 1807 quo
210 1764 315 1796 maius
344 1772 389 1795 ex
416 1761 481 1795 hoc
509 1763 693 1795 animarum
713 1761 922 1795 commodum
952 1773 989 1796 se
1009 1764 1220 1807 speraverint
1248 1762 1397 1808 adipisci,
1427 1774 1639 1809 nonunquam
1667 1776 1728 1811 pro
1748 1764 1811 1800 hiis
1840 1770 1975 1812 tempo—

116 1821 239 1856 ralibus
267 1821 434 1867 suffragiis
463 1821 644 1867 spirituaha
674 1824 722 1856 eis
752 1833 901 1865 munera,
931 1825 1148 1857 remissiones
1175 1823 1333 1857 videlicet
1362 1827 1393 1857 et
1421 1824 1643 1869 indulgentias
1673 1825 1866 1871 elargimur.
1893 1825 1975 1860 Cum

116 1884 237 1927 itaque,
267 1885 351 1917 sicut
371 1885 572 1928 accepimus,
603 1882 745 1916 ecclesia
767 1882 999 1916 Olomucensis
1027 1885 1114 1927 ignis
1142 1883 1296 1917 incendio
1316 1886 1358 1918 sit
1377 1884 1560 1929 combusta,
1590 1896 1652 1919 nos
1671 1889 1856 1932 cupientes,
1886 1887 1974 1932 quod

116 1943 232 1976 eadem
262 1942 407 1977 ecclesia
436 1953 586 1988 congrue
607 1942 829 1985 reedificatur.
859 1945 1111 1977 universitatem
1131 1948 1280 1978 vestram
1300 1947 1500 1990 requirimus
1520 1950 1551 1979 et
1579 1945 1753 1980 hortamur
1775 1949 1808 1980 in
1829 1947 1974 1990 domino,

115 2006 147 2037 in
173 2006 406 2037 remissionem
435 2002 532 2038 vobis
561 2006 790 2049 peccaminum
828 2006 1052 2049 iniungentes‚
1090 2007 1242 2049 quatinus
1280 2005 1320 2038 de
1348 2005 1443 2040 bonis
1481 2006 1578 2041 vobis
1615 2018 1633 2040 a
1672 2007 1734 2041 deo
1769 2008 1896 2042 collatis
1934 2008 1973 2042 ad

114 2063 406 2098 reedificacionem
434 2064 616 2110 predictam
646 2064 755 2098 velitis
789 2066 860 2110 pias
889 2064 1090 2098 elemosinas
1119 2068 1151 2097 et
1179 2069 1274 2110 grata
1304 2068 1450 2100 caritatis
1485 2066 1630 2102 sul)sidia
1659 2078 1816 2113 erogare,
1852 2072 1886 2101 ut
1914 2079 1975 2114 per

114 2123 378 2158 subvencionem
406 2128 554 2158 vestram
583 2123 770 2158 huiusmodi
799 2124 942 2158 ecclesia
971 2126 1041 2170 ipsa
1070 2136 1221 2170 congrue
1250 2125 1437 2160 reedificari
1464 2127 1575 2161 valeat
1606 2138 1734 2173 vosque
1761 2139 1822 2174 per
1850 2127 1914 2162 hec
1942 2132 1975 2161 et

114 2184 176 2218 alia
210 2183 310 2229 bona,
348 2195 411 2230 que
449 2184 581 2218 domiuo
618 2187 799 2230 inspirante
832 2184 991 2227 feceritis,
1029 2188 1162 2230 possitis
1200 2186 1239 2220 ad
1275 2191 1390 2220 eterne
1428 2187 1592 2221 felicitatis
1621 2189 1741 2233 gaudia
1779 2191 1972 2234 pervenire.

113 2244 184 2279 Nos
212 2247 299 2278 enim
337 2244 378 2278 de
416 2247 650 2291 omnipotentis
689 2244 741 2278 dei
770 2244 998 2279 misericordia
1036 2249 1068 2278 et
1100 2245 1273 2279 beatorum
1302 2246 1389 2281 Petri
1428 2252 1460 2281 et
1488 2247 1590 2290 Pauli,
1628 2248 1855 2294 apostolorum
1889 2251 1971 2292 eiuS‚

113 2307 309 2339 auctoritate
338 2304 454 2339 confisi
483 2304 634 2339 omuibus
662 2316 746 2339 vere
774 2304 996 2351 penitentibus
1026 2310 1055 2339 et
1095 2305 1270 2350 confessis,
1301 2310 1354 2353 qui
1392 2308 1431 2341 ad
1460 2307 1750 2342 reedificacionem
1785 2308 1971 2344 huiusmodi

113 2375 228 2399 manus
256 2368 470 2411 porrexerint
498 2366 676 2399 adiutrices
705 2376 804 2399 unum
835 2376 955 2399 aunum
993 2369 1023 2398 et
1062 2366 1279 2411 quadraginta
1318 2368 1388 2401 dies
1427 2368 1467 2401 de
1501 2371 1654 2402 iniunctis
1689 2372 1737 2403 eis
1774 2372 1970 2415 penitenciis

112 2425 373 2459 misericorditer
401 2425 603 2469 relaxamus,
637 2425 846 2472 presentibus
875 2430 947 2471 post
977 2436 1039 2459 sex
1068 2436 1172 2459 annos
1202 2430 1334 2461 minime
1364 2428 1525 2461 valituris.
1556 2428 1646 2470 Quas
1674 2440 1735 2474 per
1763 2428 1969 2474 Pragensem

111 2490 143 2519 et
182 2484 485 2530 Salzeburgensem
533 2497 572 2519 ac
617 2485 849 2520 Gneznensem
892 2488 1044 2519 civitates
1087 2490 1118 2519 et
1161 2486 1314 2521 dioceses
1355 2498 1395 2520 ac
1431 2490 1623 2533 provincias
1663 2499 1724 2534 per
1760 2493 1969 2535 questuarios

110 2546 267 2580 duntaxat
296 2556 397 2591 posse
417 2549 498 2580 mitti
527 2547 754 2590 concedimus,
785 2558 854 2590 eas,
884 2549 911 2581 si
931 2550 1026 2580 extra
1055 2546 1126 2579 illas
1147 2550 1247 2580 misse
1277 2546 1408 2591 fuerint,
1439 2559 1558 2581 carere
1577 2548 1704 2583 viribus
1733 2549 1967 2584 decernentes.

111 2606 274 2641 Volumus
303 2611 422 2648 autem,
461 2608 547 2653 quod
586 2610 613 2642 si
650 2608 730 2642 alias
758 2607 968 2642 visitantibus
1006 2606 1125 2640 dictam
1163 2607 1341 2641 ecclesiam
1374 2607 1430 2641 vel
1467 2608 1506 2641 ad
1546 2611 1616 2642 eius
1655 2608 1814 2643 fabricam
1852 2621 1968 2644 manus

111 2665 359 2713 porrigentibus
398 2666 574 2701 adiutrices
612 2672 665 2701 aut
701 2668 781 2702 alias
823 2667 900 2701 inibi
942 2669 1012 2713 pias
1051 2667 1250 2701 elemosinas
1293 2667 1508 2712 erogantibus
1543 2680 1601 2703 seu
1639 2669 1719 2703 alias
1761 2669 1868 2716 aliqua
1907 2670 1968 2704 alia

1765 2737 1815 2762 60*
