2336 3074
985 206 1004 239 ‘2
1010 206 1032 239 O
1037 206 1057 239 9

970 413 1079 449 236.

92 516 408 561 111111·Ιι·φ·α[.1011011·
427 517 565 561 befielelt
591 518 653 551 den
676 517 843 551 Beamten
874 518 933 551 des
954 517 1118 550 Briltmer
1138 516 1385 559 Ltcmlreelttes,
1407 518 1488 550 dass
1517 519 1567 550 sie
1598 518 1659 551 den
1683 517 1957 551 Domsm'hvmeru

186 579 218 610 ῐη
250 577 368 611 Britan
399 578 462 611 das
492 577 590 622 Dorf
615 577 720 611 Oloeh
752 580 784 611 in
814 579 870 612 die
898 578 1087 622 Lamllafel
1114 577 1279 620 eiulegyen.
1312 577 1369 610 Dt.
1402 577 1521 610 Bruma
1552 578 1609 611 27.
1646 577 1720 611 Olft.
1755 577 1863 611 1381.

254 662 423 716 Jodocus
464 682 516 715 dei
554 685 669 726 gracia
717 682 866 716 marchio
905 687 936 715 et.
974 682 1125 715 dominus
1169 681 1334 724 Moravie,
1375 681 1476 715 nobili
1514 682 1650 716 Jesconi
1688 683 1727 715 de
1767 682 1954 726 Sternberg

89 753 247 788 supremo
277 745 464 776 camerario
494 747 525 776 et
554 742 625 776 aliis
655 743 759 776 czude
787 742 993 776 Brunnensis
1027 741 1250 775 beneficiariis
1279 742 1418 775 salutem
1449 747 1481 775 et.
1510 753 1607 776 omne
1638 742 1770 776 bonum.
1821 742 1953 776 Fideles

89 803 211 837 dilecti.
268 802 379 837 Placet
415 803 511 837 nobis
547 808 579 837 et
615 803 765 837 dedimus
802 805 908 836 eciam
947 802 986 836 ad
1025 802 1088 835 hoc
1126 806 1274 835 nostrum
1314 801 1478 836 favorem.
1518 807 1548 835 ut
1586 803 1663 836 villa
1703 803 1821 837 Oloch.
1861 806 1953 836 cuius

87 867 338 910 possessionem
369 864 519 909 religiosi
548 864 670 897 fratres
699 864 815 897 domus
851 866 956 897 sancti
991 862 1165 896 Michaelis
1194 866 1225 908 in
1255 861 1389 896 Brnnna
1428 862 1553 896 ordinis
1588 863 1837 897 Predicatorum
1879 868 1954 896 actu

89 923 216 957 habere
254 928 448 967 noscuntur,
489 924 614 958 eisdem
653 923 809 957 fratribus
847 922 1058 965 13131111191111,
1097 922 1172 956 (111111
1215 923 1427 968 presentibus
1462 922 1589 957 fueritis
1624 927 1782 969 requisiti.
1832 924 1951 957 Datum

89 984 224 1018 Brunne
255 995 342 1018 anno
372 984 494 1018 domini
524 984 698 1018 millesimo
729 987 964 1018 trecentesimo
992 985 1222 1027 octuagesimo
1252 986 1369 1028 primo.
1400 983 1575 1016 Dominica
1595 987 1747 1029 proxima
1769 989 1844 1017 ante
1865 984 1950 1017 diem

89 1044 316 1090 apostolorum
347 1044 506 1091 Symonis
536 1049 567 1078 et
596 1044 691 1078 Jude.
1130 1042 1192 1076 Per
1221 1043 1387 1076 dominum
1418 1043 1647 1077 Marchionem
1678 1043 1846 1078 Nicolaus.

402 1132 492 1166 (Ox-ig.
516 1132 630 1166 Papier,
655 1132 706 1157 mit
729 1131 854 1165 beigedr.
879 1130 955 1165 Sigel
979 1131 1016 1156 im
1041 1131 1130 1157 miihr.
1156 1128 1412 1161 Laudesarehives)

970 1310 1079 1346 237.

89 1416 229 1450 ι1011117111
260 1426 322 1449 con
352 1414 500 1448 Honetz'c
530 1415 596 1448 und
623 1416 719 1448 seme
748 1414 886 1448 Brilder
918 1413 1154 1458 rerspreeleen,
1186 1415 1254 1457 auf
1276 1414 1331 1447 die
1362 1413 1468 1447 (iliter
1499 1413 1590 1447 ihres
1623 1413 1748 1447 Onkels
1777 1415 1808 1447 ιή
1839 1413 1953 1457 Rataj

348 1475 468 1509 lteinen
499 1475 683 1520 Auspruele
714 1486 755 1508 zu
785 1474 944 1508 erlaeben.
1003 1474 1061 1508 Dt.
1096 1474 1275 1507 Ix'remsz'er
1302 1473 1362 1508 31.
1397 1473 1548 1508 Olflober
1580 1473 1689 1507 1381.

244 1560 332 1614 Nos
362 1578 534 1613 Jobannes
564 1579 604 1612 de
632 1578 831 1624 HonyeUcz,
862 1578 1052 1623 Stephanus
1082 1582 1113 1611 et
1141 1577 1283 1611 Mathias
1322 1577 1443 1611 fratres
1472 1580 1573 1623 ipsius
1603 1581 1754 1621 germani
1793 1578 1869 1611 dicti
1908 1578 1949 1611 (19

88 1640 319 1675 Hawichstein
357 1642 645 1684 recognoscimus,
689 1639 728 1672 ad
768 1650 850 1684 quos
887 1643 1061 1684 presentes
1098 1641 1328 1684 pervenerint.
1367 1641 1545 1672 universis.
1603 1638 1698 1679 Quod
1737 1641 1770 1671 in
1808 1638 1948 1672 solidum

87 1706 240 1735 tenemur
269 1703 341 1734 sine
371 1700 447 1733 dolo
477 1704 507 1733 et
537 1711 636 1733 manu
666 1702 841 1733 coniuncta
871 1699 1025 1734 indivise.
1055 1698 1116 1733 sub
1145 1698 1208 1732 fide
1238 1703 1269 1732 et
1298 1698 1426 1732 honore
1446 1701 1568 1732 nostris
1589 1703 1706 1732 tenore
1735 1701 1947 1744 presencium

86 1764 306 1808 promittimus
336 1760 512 1794 honestum
541 1763 648 1794 virum
678 1759 836 1794 Mathiam
867 1759 908 1793 de
936 1758 1081 1804 Raihay.
1102 1763 1253 1804 patruum
1283 1762 1431 1792 nostrum
1460 1758 1612 1792 dilectum
1637 1763 1667 1792 et
1696 1758 1947 1792 benefactorem

85 1822 288 1867 singularem
319 1824 351 1855 in
381 1820 534 1854 omnibus
563 1823 664 1866 ipsius
693 1820 788 1854 bonis
823 1823 890 1854 suis
918 1819 1053 1865 Rathay
1082 1823 1113 1852 et
1151 1819 1289 1863 singulis
1319 1819 1357 1852 ad
1395 1830 1433 1852 ea
1471 1818 1556 1852 110113
1595 1818 1820 1864 spectantibus
1859 1819 1948 1853 nullo

84 1882 183 1916 modo
212 1893 273 1928 per
310 1893 371 1915 nos
410 1893 469 1915 seu
506 1892 566 1927 per
604 1883 815 1927 interpositas
853 1891 1015 1926 personas
1052 1878 1171 1923 verbo,
1209 1879 1310 1922 facto„
1347 1879 1485 1913 consilio
1524 1890 1583 1913 seu
1621 1879 1744 1912 auxilio
1783 1879 1945 1924 inpedire.

83 1945 270 1988 inquietare
298 1954 358 1976 seu
387 1942 530 1987 fatigare
560 1942 600 1975 de
629 1944 700 1975 iure
720 1941 776 1975 vel
805 1941 845 1974 119
874 1940 962 1975 facto
991 1952 1055 1974 nec
1084 1951 1157 1974 eum
1187 1944 1342 1986 pretextu
1362 1940 1589 1985 predictorum
1609 1939 1771 1973 bonorum
1794 1942 1946 1985 inpetere

84 2014 145 2037 seu
175 2014 313 2037 monere
342 2003 575 2049 quovismodo.
606 2002 678 2036 Nec
708 2005 813 2035 eciam
843 2001 974 2047 aliquod
999 2002 1054 2045 jus
1083 1999 1210 2034 habere
1239 1999 1398 2034 debemus
1427 2003 1459 2033 in
1489 2000 1614 2034 eisdem
1643 1999 1738 2033 bonis
1768 2011 1874 2045 usque
1905 1999 1945 2032 ad

84 2063 182 2097 finem
212 2075 271 2097 sue
299 2066 369 2098 vite
398 2063 569 2097 dumtaxat
599 2065 688 2096 omni
717 2065 854 2096 accione
892 2064 924 2095 in
953 2064 1168 2104 contrarium,
1198 2061 1480 2104 903113111991039,
1510 2060 1729 2106 placitacione
1763 2060 1878 2104 Judicii
1914 2063 1946 2093 et

84 2126 264 2157 occasione
292 2123 519 2169 proculmotis.
550 2122 590 2156 Et
620 2125 797 2168 petivimus
825 2124 1060 2156 instantissime
1089 2121 1249 2155 honestos
1278 2123 1370 2154 viros
1400 2120 1644 2166 Chunykonem
1672 2121 1712 2154 de
1733 2119 1944 2154 Suchohrdel

85 2189 117 2219 et
146 2183 377 2218 Bernhardum
408 2183 448 2218 de
476 2183 708 2229 Hwyezdlicz.
738 2187 772 2216 ut
800 2182 907 2227 sigilla
936 2185 1083 2227 ipsorum
1112 2192 1175 2215 una
1205 2192 1278 2215 cum
1308 2181 1424 2226 sigillis
1452 2184 1575 2215 nostris
1604 2181 1830 2226 appenderent
1859 2191 1944 2225 pre-

83 2244 232 2279 sentibus
269 2247 301 2277 13
349 2244 489 2278 evidens
526 2246 750 2277 testimonium
787 2245 1038 2288 premissorum.
1094 2241 1164 2275 Nos
1203 2252 1334 2286 quoque
1373 2240 1538 2286 Chunyko
1580 2240 1620 2274 de
1663 2239 1875 2274 Suebohrdel
1913 2243 1943 2272 et

82 2304 299 2339 Bernhardus
337 2304 377 2338 de
413 2303 634 2349 Hwyezdlicz
674 2303 711 2337 ad
752 2303 944 2347 diligentem
988 2305 1187 2347 peticionem
1228 2304 1372 2335 omnium
1410 2301 1633 2347 predictorum
1672 2303 1767 2334 trium
1804 2300 1941 2333 fratrum

83 2364 190 2410 sigilla
220 2369 333 2399 nostra
362 2375 426 2398 una
455 2375 530 2398 cum
559 2363 676 2409 sigillis
713 2374 828 2397 eorum
867 2365 976 2396 animo
1015 2361 1197 2395 deliberato
1232 2360 1443 2406 presentibus
1481 2361 1697 2406 appendimus
1735 2363 1767 2393 in
1803 2359 1943 2393 evidens

84 2427 308 2458 testimonium
323 2427 575 2470 premissorum.
606 2424 727 2457 Datum
748 2422 920 2457 Chremsir
939 2425 971 2455 in
991 2422 1104 2467 vigilia
1126 2424 1271 2455 omnium
1293 2425 1496 2463 sanctorum„
1519 2431 1605 2454 anno
1626 2420 1747 2453 domini
1768 2420 1943 2454 millesimo

82 2487 320 2519 trecentesimo
349 2487 580 2529 octuagesimo
609 2487 728 2530 primo.

394 2571 484 2606 (Orig.
508 2572 590 2605 Perg.
615 2572 632 2596 ὃ
657 2571 684 2596 h.
709 2570 767 2605 sig.
792 2571 830 2596 im
855 2570 928 2598 Olm.
954 2569 1030 2603 Kap.
1055 2568 1204 2603 ,ἂι-9111119.)
