2336 3074
1008 204 1081 238 479

114 309 286 344 favoribus
314 311 480 356 precipuis
506 309 703 355 religionem
732 312 879 343 nostram
908 319 1042 354 semper
1071 313 1101 343 et
1131 308 1251 355 ubique
1281 309 1430 343 inclinari
1451 308 1643 351 dinoscitur,
1674 313 1705 342 ut
1733 313 1797 342 tam
1827 307 1972 342 ferventi

115 381 198 415 erga
226 380 288 404 nos
316 369 511 415 benignitati
539 382 599 404 sue
628 373 659 404 in
688 369 798 415 aliquo
827 372 991 416 possimus
1020 369 1237 415 respondere,
1268 381 1328 404 nos
1352 372 1405 415 qui
1435 381 1533 415 supra
1563 371 1750 415 prepositus
1779 380 1853 403 cum
1883 379 1970 402 con-

113 435 228 475 ventu,
256 429 431 477 prehabito
460 430 630 476 capitulari
661 434 800 464 tractatu
830 434 862 463 et
890 435 1017 464 matura
1046 430 1293 464 deliberacione
1321 433 1496 476 premissa,
1535 441 1578 464 ex
1606 433 1722 475 gracia
1760 429 1972 463 decrevimus

113 494 178 524 tam
206 502 376 536 generoso
404 493 587 537 proulotori
608 495 722 524 nostro
752 502 900 525 annuere
930 495 960 524 et
986 490 1087 536 fixum
1118 495 1245 534 tenere,
1275 493 1482 536 inquantum
1511 493 1581 537 ipse
1611 493 1787 536 optaverit5
1819 494 1849 523 ut
1879 492 1969 523 iuxta

114 562 242 586 morem
271 556 360 586 terre
389 550 643 596 disbrigacionis
673 562 712 584 ao
741 551 991 585 intabulaciouis
1029 551 1167 585 durante
1205 553 1358 594 triennio,
1393 553 1420 584 si
1457 550 1634 584 altissimus
1664 553 1769 596 ipsum
1807 552 1972 596 pinquiori

113 611 268 646 facultate
301 613 502 657 respexerit,
539 612 625 657 quod
664 616 879 646 memoratam
915 611 1027 646 villam
1064 611 1181 657 Ugezd
1219 622 1238 645 a
1274 610 1370 645 nobis
1406 611 1494 645 licite
1528 613 1633 657 possit
1670 622 1837 653 reemere,
1875 609 1970 644 nobis

113 677 223 707 tamen
260 675 383 707 nostris
419 674 581 718 pecuniis,
619 683 699 718 quas
737 684 755 706 a
791 672 885 707 nobis
922 684 982 718 pro
1020 672 1137 706 eadem
1175 671 1251 705 villa
1289 674 1450 717 percepit,
1491 671 1640 718 plenarie
1676 671 1866 717 persolutis.
1922 669 1968 704 Ita

113 733 282 776 videlicet,
317 736 352 766 ut
386 743 453 767 non
482 732 654 767 abscussio
692 744 757 767 non
787 736 905 778 quevis
942 744 960 766 a
998 732 1128 778 capitali
1164 736 1278 766 nostra
1314 734 1454 778 pecunia
1493 731 1656 765 antedicta
1695 731 1878 765 defalcacio
1916 730 1971 764 vel

113 793 291 828 diminucio
320 792 364 827 ibi
391 793 500 827 locum
521 798 576 826 aut
604 795 672 827 vim
701 793 821 827 habeat
850 796 1029 827 occasione
1049 803 1320 838 quarumcunque
1341 792 1582 837 allegacionum
1612 796 1645 825 et
1664 794 1822 837 precipue
1842 800 1970 831 eorum,

113 865 177 899 que
205 856 238 888 in
266 864 369 888 censu
398 853 439 887 de
467 856 537 900 ipsa
566 853 644 887 villa
674 856 874 900 percipimus
902 865 990 887 nunc
1018 864 1185 899 possessa.
1217 852 1312 894 Quod
1342 855 1369 887 si
1397 852 1475 886 nolit
1504 852 1560 886 vel
1588 862 1653 885 non
1674 854 1777 897 possit
1805 861 1970 889 reemere„

112 914 173 948 sed
210 925 347 948 censum
383 914 617 948 commutando
655 925 716 960 pro
754 926 856 948 censu
891 914 930 948 ad
967 913 1028 947 alia
1063 913 1149 947 hona
1185 913 1265 947 velit
1299 923 1360 946 nos
1398 912 1585 951 traducere,
1624 915 1657 945 ut
1696 911 1973 945 habundancioris

111 974 361 1021 complacencie
389 974 451 1009 sibi
479 985 726 1019 cognoscamur
755 975 947 1020 impendere
967 973 1174 1019 obsequium
1205 972 1312 1006 adhuc
1341 977 1371 1006 et
1393 972 1456 1006 hoc
1485 975 1590 1018 ipsum
1620 983 1686 1005 non
1715 971 1887 1005 abnuimus
1911 971 1968 1005 sed

112 1035 259 1070 benivoli
300 1037 435 1069 omuino
477 1034 518 1069 ad
560 1034 827 1069 transferendum
871 1046 930 1069 seu
972 1034 1210 1068 traducendum
1253 1044 1314 1067 nos
1356 1035 1594 1073 consentimusa
1633 1032 1810 1066 dummodo
1848 1036 1970 1067 tamen.

111 1100 266 1142 quantum
296 1098 329 1130 in
356 1095 486 1141 prefata
516 1095 633 1141 Ugezd
662 1095 738 1129 villa
768 1095 988 1141 possidemus,
1018 1094 1112 1129 nobis
1141 1097 1172 1128 in
1193 1096 1320 1140 pociori
1349 1093 1404 1127 vel
1432 1093 1581 1126 adminus
1611 1092 1814 1138 equivalenti
1834 1096 1863 1125 et
1885 1090 1970 1125 hene

113 1161 252 1202 paccato
287 1156 433 1191 dominio
468 1155 568 1190 fuerit
610 1160 791 1199 ostensum,
835 1155 1050 1200 disbrigatum
1092 1166 1131 1188 ac
1173 1153 1384 1188 intabulatum
1423 1164 1464 1187 eo
1503 1153 1600 1187 modo
1640 1163 1746 1198 eaque
1784 1152 1890 1185 forma
1932 1163 1970 1184 ac

112 1217 294 1251 earundem
324 1216 385 1252 sub
413 1220 534 1262 vigore
561 1227 734 1263 penarum,
763 1220 859 1262 prout
888 1218 920 1249 in
949 1215 1125 1261 privilegio
1154 1226 1234 1261 sepe
1263 1215 1339 1248 dicti
1370 1214 1504 1257 domini,
1542 1213 1628 1258 quod
1658 1223 1758 1258 super
1787 1212 1860 1246 foro
1894 1211 1970 1245 ville

112 1277 264 1313 crebrius
301 1277 388 1312 dicte
416 1282 449 1312 et
485 1278 560 1321 hiis7
597 1289 661 1323 que
699 1277 762 1311 tale
801 1281 1005 1310 concernunt
1044 1276 1164 1319 forum7
1203 1274 1329 1309 habere
1357 1286 1417 1309 nos
1446 1274 1599 1317 fatemur2
1638 1273 1732 1307 solita
1761 1277 1792 1307 et
1822 1282 1969 1317 congrua

112 1338 333 1373 clausularum
362 1338 579 1373 distinccione
609 1338 736 1384 plenius
766 1340 1005 1383 exprimuntur.
1040 1336 1076 1370 In
1105 1338 1344 1382 premissorum
1373 1339 1481 1368 autem
1512 1336 1657 1367 omnium
1687 1335 1909 1367 testimonium
1939 1336 1969 1365 et

111 1398 213 1434 robur
241 1398 367 1434 firmius
395 1399 503 1444 sigilla
532 1401 691 1445 prepositi
720 1403 752 1432 et
780 1402 965 1432 conventus
1004 1400 1107 1431 nostri
1135 1396 1291 1430 antedicti
1319 1394 1529 1442 presentibus
1558 1398 1633 1428 sunt
1670 1404 1827 1440 appensa.
1883 1393 1968 1426 Acta

110 1464 186 1494 sunt
213 1459 277 1494 hec
305 1470 393 1494 anno
422 1459 545 1494 domini
565 1456 926 1501 MOCCCOLXXXIXQ
956 1457 1038 1491 feria
1060 1460 1169 1503 quinta
1199 1459 1352 1502 proxima
1376 1459 1448 1501 post
1469 1457 1673 1489 nativitatem
1694 1453 1799 1488 Marie
1828 1455 1968 1497 virginis

135 1520 270 1555 loriose.

111 1531 134 1565 g
422 1573 512 1607 (Orig.
537 1573 618 1606 Perg.
651 1574 667 1591 ‘³
700 1573 726 1599 h.
759 1575 808 1605 gut
839 1571 983 1597 erhaltone
1007 1570 1064 1603 Sig.
1097 1570 1122 1595 in
1155 1569 1209 1595 deu
1234 1569 1328 1595 Akten
1361 1568 1408 1593 des
1433 1567 1579 1593 Olmiitzer
1604 1566 1901 1601 Augustinerklosters
1932 1565 1968 1590 im

525 1624 704 1650 matu-ischeu
729 1622 984 1656 Landesarehive.)

982 1802 1088 1838 565.

740 1906 798 1941 Dt.
828 1906 981 1947 Beramz,
1014 1905 1071 1939 16.
1103 1903 1306 1949 September
1336 1903 1445 1938 1389.

288 1983 429 2049 Κόως
457 2002 601 2037 VVenzel
638 2002 694 2036 lv.
734 2006 875 2036 ernennt
913 2000 977 2035 den
1004 1999 1223 2045 Markgrafen
1260 1998 1370 2033 Jodok
1404 2009 1477 2032 zum
1515 1996 1737 2031 Reiclisvicar
1775 1998 1807 2030 in
1839 1995 1964 2029 Italien.

108 2063 162 2098 Dt.
179 2062 316 2098 Verone
345 2074 431 2098 anno
452 2063 575 2098 domini
595 2062 771 2097 millesimo
800 2064 1035 2096 trecentesimo
1065 2062 1293 2105 octuagesimo
1322 2069 1423 2102 nono,
1452 2057 1682 2092 sextodecimo
1712 2055 1777 2090 kal.
1800 2054 1965 2090 Octobris.

109 2135 290 2170 regnorum
319 2129 509 2160 nostrorum
539 2134 625 2158 anno
654 2122 791 2157 Boemie
820 2125 982 2157 vicesimo
1012 2124 1165 2167 septimo7
1194 2120 1422 2154 Romanorum
1451 2128 1534 2152 vero
1564 2121 1681 2163 quarto
1711 2116 1851 2150 decimo.

418 2203 492 2235 (Das
516 2202 593 2236 Orig.
626 2202 662 2227 im
688 2202 715 2228 k.
749 2202 775 2226 k.
807 2201 870 2235 geli.
896 2201 997 2232 Hans„
1022 2200 1093 2225 Hof-
1123 2199 1180 2225 und
1204 2198 1417 2225 Stautsareliive
1442 2197 1470 2222 in
1495 2196 1588 2221 Wieu.
1611 2210 1655 2214 -—
1678 2196 1736 2220 Der
1759 2195 1831 2220 Text
1859 2194 1966 2219 stimmt

522 2254 571 2280 mit
602 2263 630 2279 u.
663 2254 722 2279 298
754 2253 880 2285 iiberein,
913 2252 969 2277 und
1005 2260 1080 2277 zwar
1111 2251 1160 2276 mit
1186 2252 1279 2283 jeiiein
1316 2249 1492 2283 Exemplum,
1529 2247 1628 2272 desseu
1660 2246 1816 2271 Vuriunten
1849 2254 1877 2279 p.
1904 2245 1962 2270 *2T2

522 2306 579 2331 und
616 2306 675 2331 <273
710 2304 872 2339 angegebcn
904 2304 976 2329 sind.
1004 2319 1039 2321 -—
1069 2301 1345 2328 Sonderbarerweise
1378 2301 1413 2325 ist
1445 2300 1520 2324 diosc
1551 2298 1687 2324 Urkunde
1727 2306 1791 2322 vom
1821 2296 1848 2321 J.
1884 2296 1962 2321 1389

522 2358 550 2383 in
574 2358 628 2383 deii
660 2356 884 2382 altstandischen
910 2355 1004 2380 Akten
1028 2354 1162 2380 Mithrens
1191 2353 1270 2378 nicht
1293 2351 1468 2378 verbunden,
1498 2351 1533 2375 da
1557 2350 1629 2375 doch
1661 2349 1706 2374 dio.
1730 2348 1866 2374 L‘rkunde
1899 2356 1961 2372 voni

521 2409 609 2435 Jahre
643 2409 721 2435 1383
752 2409 780 2434 in
812 2408 879 2434 zwei
904 2407 1091 2441 Exeinplaren
1123 2405 1184 2431 sich
1216 2405 1279 2430 [tort
1309 2402 1442 2429 befindet.
1488 2402 1567 2427 Nacli
1593 2401 1687 2426 Pelzel
1720 2400 1758 2427 K,
1780 2399 1901 2424 NVeuzel
1932 2398 1966 2429 Ι.,

521 2470 549 2495 p.
576 2462 646 2493 221,
670 2460 793 2494 Anmkg.
821 2461 845 2491 1,
871 2468 928 2485 war
951 2459 995 2484 ein
1021 2457 1134 2483 zweites
1151 2456 1228 2490 Orig.
1252 2456 1300 2481 der
1318 2455 1453 2481 L‘rkundo
1478 2462 1542 2479 voni
1554 2453 1642 2479 Jahrc
1670 2452 1748 2477 1355·
1774 2451 1810 2476 im
1832 2450 1962 2476 Phissen-

521 2513 624 2546 burger
648 2513 771 2538 Areliive
797 2511 970 2541 voi-handen,
994 2510 1088 2535 wolier
1113 2507 1248 2534 Hiiberlin
1273 2507 1309 2533 N.
1326 2507 1361 2531 D.
1379 2505 1592 2539 Reiz-lisgescli„
1617 2503 1668 2530 Bd.
1694 2503 1726 2534 I.‚
1750 2502 1804 2528 deu
1827 2502 1899 2527 Text
1923 2501 1966 2526 fiir

521 2565 618 2590 seineu
644 2564 779 2590 Abdruek
804 2562 910 2597 nabin.)
