2336 3074
1252 215 1325 249 214

360 327 487 372 plenam
519 330 546 357 et
579 334 774 368 expressam
805 334 842 355 ac
873 322 912 355 tle
943 320 1049 354 verbo
1079 321 1117 353 ud
1150 320 1289 354 verbum
1320 320 1360 353 de
1391 320 1514 354 indulto
1545 319 1730 353 huiusmodi
1769 322 1977 353 mencionem
2016 323 2049 353 et
2077 319 2222 364 qualibet

359 388 420 419 :ilia
465 387 549 417 diet«-
591 384 679 417 sedis
717 383 926 425 indulgencia
965 382 1115 420 generali
1155 382 1208 415 wl
1247 381 1382 427 speciali
1421 384 1648 426 cuiuscunque
1687 383 1811 414 tenoris
1849 383 1982 418 existat.
2021 392 2080 426 per
2122 391 2220 426 quain

361 446 567 491 presentibus
597 456 660 477 uon
692 454 887 488 expressam
919 443 972 476 vel
1012 443 1155 476 totaliter
1193 454 1258 475 non
1296 445 1453 476 insertum
1493 447 1546 476 tue
1585 441 1828 475 iurisdiccionis
1866 441 2051 487 explic-acio
2090 443 2121 474 in
2160 440 2222 475 hac

360 512 452 551 parte
483 506 588 538 vali-:it
621 503 865 549 quomodolilwt
897 504 1059 549 impediri.
1090 515 1154 548 que
1183 514 1248 548 quo
1277 503 1317 535 ad
1348 502 1410 536 lioe
1441 505 1488 536 eis
1509 502 1660 535 nolumus
1690 505 1720 535 in
1750 502 1860 547 aliquo
1880 502 2068 545 suffragari.
2100 501 2219 535 Datum

362 567 465 600 lloun·
495 566 578 611 apud
609 570 757 598 sanetum
790 564 920 597 l'etrum
952 564 990 598 ll.
1022 575 1098 597 non.
1131 563 1340 605 Decembris,
1371 562 1580 608 pontificatus
1609 565 1713 596 nostri
1743 573 1829 596 anno
1859 566 1988 607 quarto.

669 644 759 677 Utrig.
787 644 865 675 Perg.
893 643 1025 675 meismet
1052 643 1087 668 lin
1114 643 1187 669 (llin.
1213 642 1474 676 Rapit-*lambive.)

1241 788 1349 823 2⁴2.

362 893 464 926 l'ahst
497 891 613 925 Urlmn
653 891 705 925 t'l.
737 891 901 935 lwslc'iliqt
930 891 1003 925 dem
1037 891 1179 936 Isapilel
1207 891 1263 925 bei
1289 904 1315 925 s.
1351 891 1451 925 Peter
1480 893 1511 925 in
1544 891 1662 924 Brimn
1692 890 1762 925 alle
1783 890 2002 934 Pririleqien,
2024 890 2080 924 die
2101 901 2137 923 es
2157 900 2223 923 von

678 953 740 986 den
772 952 920 986 Palisten
951 952 1106 986 erlealleu
1137 953 1242 987 halle.
1302 952 1359 986 Dr.
1393 952 1481 986 Rom
1509 952 1543 986 9.
1578 951 1768 985 Dec-ember
1800 950 1907 987 1381.

515 1028 689 1082 [rhamis
718 1051 896 1094 episcopus
925 1059 1046 1082 servus
1075 1060 1251 1083 servorum
1289 1049 1340 1082 dei
1371 1049 1497 1083 dilectis
1527 1048 1599 1083 filiis
1629 1051 1798 1095 preposito
1828 1052 1861 1082 ct
1898 1046 2042 1093 capitulo
2079 1046 2224 1081 ecclesie

358 1113 462 1144 saneti
492 1110 579 1143 Petri
610 1112 640 1143 in
672 1109 817 1145 Brunna.
849 1108 1083 1143 Olomucensis
1112 1109 1269 1146 diocesis.
1299 1109 1438 1143 salutem
1469 1114 1499 1143 et
1529 1109 1746 1155 apostolicam
1776 1108 2062 1142 benediccionem.
2092 1105 2174 1141 Cum
2205 1118 2223 1141 a

359 1171 453 1205 nobis
483 1173 615 1216 petitur.
645 1170 732 1215 quod
763 1172 881 1203 iustum
912 1174 962 1204 est
996 1174 1029 1203 et
1067 1170 1254 1206 honestum.
1284 1174 1349 1204 tam
1388 1173 1489 1211 vigor
1527 1173 1679 1215 equitatis
1717 1180 1814 1215 quam
1852 1171 1957 1203 eciam
1996 1168 2079 1202 ordo
2118 1170 2225 1213 exigit

360 1234 515 1265 racionis.
546 1235 576 1264 ut
607 1231 636 1264 id
667 1242 727 1276 per
756 1230 1010 1264 sollicitudinem
1041 1230 1141 1264 otlicii
1171 1233 1274 1264 nostri
1304 1230 1344 1263 ad
1378 1230 1522 1264 debitum
1553 1230 1754 1276 perducatur
1783 1230 1948 1263 effectum.
1996 1228 2044 1262 Ea
2073 1232 2223 1274 propter,

359 1292 467 1326 dilecti
497 1294 527 1325 in
557 1291 691 1324 domino
720 1290 788 1333 filii,
810 1294 932 1325 vestris
954 1293 1046 1325 iustis
1066 1290 1351 1337 postulacionibus
1371 1295 1468 1335 grato
1489 1296 1712 1325 concurrente
1732 1302 1884 1333 assensin
1906 1300 2070 1336 personas
2091 1293 2224 1324 vestras

360 1357 388 1386 et
420 1352 596 1386 eeclesiam
627 1354 732 1385 sancti
762 1351 849 1385 Petri
878 1354 909 1385 in
939 1351 1072 1385 Brutina
1109 1352 1305 1398 predictam.
1335 1354 1366 1385 in
1396 1363 1459 1397 qua
1489 1351 1601 1385 divino
1631 1354 1710 1385 estis
1739 1351 1900 1397 obsequio
1930 1353 2119 1396 mancipati,
2149 1360 2224 1383 cum

360 1412 510 1447 omnibus
539 1412 646 1455 bonis,
677 1423 741 1457 que
770 1414 801 1445 in
831 1415 1082 1458 presenciarum
1122 1412 1372 1446 racionabiliter
1399 1412 1577 1458 possidetis
1606 1416 1661 1445 aut
1690 1414 1720 1445 in
1750 1411 1861 1445 futuro
1890 1415 2060 1457 prestante
2089 1411 2224 1445 domino

359 1476 451 1507 iustis
480 1472 586 1506 modis
614 1474 765 1518 poteritis
794 1472 942 1518 adipisci„
973 1471 1034 1507 sub
1063 1472 1151 1506 beati
1180 1472 1268 1506 Petri
1296 1475 1546 1518 proteccionem
1573 1475 1783 1518 suscipimus,
1804 1474 1875 1505 iura
1904 1476 2018 1506 vestra
2039 1482 2224 1517 omnesque

359 1534 529 1567 libertates
559 1537 588 1567 et
619 1535 843 1567 immunitates
873 1544 890 1566 a
919 1532 1219 1579 predecessoribus
1257 1536 1379 1567 nostris
1408 1536 1555 1567 romanis
1590 1531 1800 1579 pontificibus
1838 1534 1911 1567 sive
1949 1543 2009 1578 per
2046 1531 2224 1578 privilegia

361 1595 415 1628 vel
452 1594 533 1627 alias
572 1593 802 1638 indulgencias
837 1593 934 1627 vobis
972 1598 1005 1627 et
1042 1594 1187 1627 ecclesie
1224 1598 1338 1628 vestre
1376 1594 1525 1640 predicte
1561 1604 1743 1628 concessas
1780 1604 1844 1627 nec
1880 1604 1947 1627 non
1984 1593 2155 1627 libertates
2192 1597 2226 1627 et

361 1657 600 1700 exeinpciones
629 1653 836 1688 secularium
859 1657 1078 1688 exaccionum
1109 1665 1126 1687 a
1160 1654 1309 1699 regibus.
1339 1654 1542 1700 principibus
1571 1654 1626 1689 vel
1655 1654 1727 1688 aliis
1765 1653 2034 1688 christifidelibus
2062 1656 2225 1688 raciona—

362 1715 469 1749 biliter
498 1715 594 1749 vobis
624 1719 655 1749 et
685 1714 830 1748 ecclesie
859 1719 974 1749 vestre
1002 1715 1153 1761 predicte
1182 1726 1376 1751 concessas,
1397 1718 1481 1749 sicut
1510 1726 1567 1749 eas
1597 1717 1681 1749 iuste
1710 1718 1742 1748 et
1769 1713 1908 1760 pacifice
1937 1713 2105 1758 obtinetis,
2125 1713 2224 1749 vobis

362 1781 392 1810 et
422 1787 481 1822 per
509 1787 571 1810 vos
601 1776 709 1809 eidem
739 1775 882 1809 ecclesie
911 1779 1109 1809 auctoritate
1139 1776 1320 1822 apostolica
1350 1774 1586 1809 confirmamus
1624 1780 1655 1809 et
1684 1778 1850 1821 presentis
1887 1778 2001 1821 scripti
2038 1777 2225 1821 patrocinio

362 1840 613 1870 communimus.
644 1835 731 1870 Nulli
761 1847 844 1881 ergo
873 1839 1008 1869 omnino
1038 1835 1162 1870 homiui
1190 1836 1289 1870 liceat
1317 1836 1404 1870 lianc
1441 1839 1597 1882 paginam
1626 1841 1740 1870 nostre
1769 1838 1994 1882 proteccionis
2031 1840 2064 1870 et
2097 1835 2226 1870 confir-

363 1900 522 1930 macionis
551 1896 736 1941 infringere
764 1896 820 1930 vel
849 1899 879 1930 ei
907 1907 990 1931 ausu
1011 1899 1190 1930 temerario
1210 1899 1389 1930 contraire.
1421 1896 1457 1930 Si
1477 1899 1549 1942 quis
1570 1901 1678 1930 autem
1701 1896 1765 1930 hoc
1784 1900 1948 1930 attentare
1974 1899 2227 1943 presumpserit‚

364 1957 630 2001 indignacionem
673 1959 909 2002 omnipotentis
948 1957 1000 1991 dei
1040 1961 1072 1991 et
1106 1956 1279 1991 beatorum
1318 1956 1407 1991 Petri
1443 1961 1474 1991 et
1511 1956 1602 1991 Pauli
1646 1957 1872 2003 apostolorum
1911 1959 1982 1991 eius
2021 1968 2058 1992 se
2093 1959 2228 1992 noverit

363 2020 584 2050 incursurum.
614 2016 735 2050 Datum
764 2016 872 2051 Rome
901 2017 986 2064 apud
1025 2022 1175 2052 sanctum
1203 2017 1337 2052 Petrum
1376 2020 1489 2064 quinto
1526 2017 1598 2052 idus
1635 2016 1847 2061 Decembris,
1875 2017 2086 2064 pontificatus
2119 2019 2226 2052 nostri

365 2088 451 2111 anno
480 2082 607 2123 quarto.

676 2131 749 2165 (Ans
773 2131 835 2157 dem
860 2131 955 2157 Codex
980 2140 1007 2156 n.
1033 2132 1071 2156 3ss
1097 2130 1146 2157 fol.
1174 2131 1212 2157 83
1238 2132 1273 2156 im
1298 2132 1429 2157 Brfluner
1453 2130 1675 2166 Stadtarchive.)

1240 2274 1350 2311 243.

412 2378 625 2423 Erz-ln'sehof
646 2378 784 2413 Jolmnn
814 2391 879 2413 ron
907 2379 1129 2413 Jenzenstem
1158 2378 1297 2412 ersucht
1325 2379 1389 2412 den
1417 2378 1570 2423 Be'sclzof
1591 2389 1658 2412 von
1689 2378 1820 2412 Olme‘ztz
1848 2390 1903 2412 um
1937 2371 2184 2423 Ubersendunq

1016 2442 1133 2474 seiner
1161 2439 1424 2491 illarien-lieder.
1464 2439 1574 2474 1381.

783 2539 950 2585 Episcopo
981 2540 1207 2574 Olomucensi.

524 2601 844 2656 Reverendissime
873 2625 968 2667 pater
996 2621 1129 2655 domine
1158 2625 1190 2655 et
1218 2623 1326 2654 amice
1364 2623 1549 2656 carissime.
1605 2621 1758 2656 Privatus
1795 2621 1956 2656 hactenus
1994 2623 2075 2655 vive
2112 2624 2228 2655 vestre

370 2685 464 2717 vocis
492 2681 627 2716 oraculo
657 2692 715 2727 pre
745 2681 860 2715 dolore
889 2684 921 2715 in
951 2692 1003 2715 me
1032 2684 1165 2727 spiritus
1196 2692 1289 2716 meus
1318 2686 1504 2717 attenuatus
1530 2685 1654 2727 existit,
1675 2693 1750 2716 nam
1770 2685 1883 2717 vivaci
1901 2684 2103 2716 nutrimento
2123 2682 2228 2715 vestri
