2336 3074
1257 220 1332 256 ‘208

366 345 511 367 annu-em
552 336 599 366 sui
639 335 742 365 eciam
782 330 896 363 lwatus
942 329 1115 376 pontilices
1154 328 1285 364 alliciat.
1326 332 1356 360 ut
1395 328 1533 361 aliorum
1572 331 1786 363 innnemores
1824 332 1854 362 in
1902 328 1980 362 solis
2018 327 2226 361 delectentur

367 398 511 428 mineris.
542 405 604 438 que
635 393 768 425 diverso
791 391 857 424 sato
878 393 1093 436 zwquiruntnr
1114 394 1143 423 et
1175 388 1328 422 labuntur
1347 388 1386 422 ud
1417 391 1669 428 exte1·ininiuin;
1690 400 1763 423 cum
1793 394 1880 423 etate
1910 389 2048 423 deberet
2068 388 2226 425 ‹tolic0r0„

366 455 494 487 tandem
526 454 596 499 plus
618 456 646 485 in
671 452 764 485 vobis
786 451 917 485 videtur
938 454 1171 484 iuvenescere.
1195 450 1306 490 Quare
1327 449 1529 483 consulimus
1550 449 1646 484 vobis
1667 450 1728 483 lida
1751 454 1861 483 mente
1889 461 1963 483 cum
1985 448 2226 495 cvangelio,*]

366 521 394 548 ut
428 513 721 547 immareeseibiles
760 512 936 546 thesauros
966 514 1062 555 regni
1099 511 1232 545 celestis
1263 510 1302 543 de
1341 514 1455 543 cetero
1485 512 1660 555 acquirere
1696 510 1867 553 studeatis,
1906 521 1989 555 quos
2019 522 2082 544 nec
2119 521 2226 553 erugo

365 578 523 609 consumit
566 574 618 607 vel
649 574 700 607 sur
735 573 874 606 absumit
913 573 968 607 vel
998 576 1084 606 tinea
1124 571 1310 605 deinolitnr.
1367 570 1425 604 Est
1461 574 1566 604 eciam
1597 571 1681 616 quod
1721 571 1841 609 adicio,
1880 574 1954 616 quia
1992 573 2227 617 omnipotentis

364 639 477 679 gracia
501 636 633 668 tax-ente
656 635 707 668 vel
735 637 846 667 sanius
868 636 1078 679 permittente
1099 644 1164 666 non
1185 632 1291 665 solum
1314 631 1616 677 111()11()g'amtls.,**)
1647 631 1798 674 bigamus
1827 636 1859 666 et
1879 634 2039 675 trigamus
2060 631 2226 677 quondam

365 697 481 729 fuistis.
520 695 576 728 sed
617 698 721 728 eciam
758 699 788 727 et
819 694 916 728 modo
955 698 1104 739 quartam
1135 692 1264 726 habetis
1301 702 1455 729 uxorem,
1494 692 1670 726 eeclesiam
1701 692 1857 726 videlicet
1895 692 2166 735 Olomucenscm,
2196 695 2229 726 et

364 756 470 789 adbuc
510 756 549 789 de
580 755 675 788 buius
705 755 815 788 mundi
845 754 1146 800 contemptibilibus
1177 751 1369 786 nuilieribus
1398 751 1525 786 fabulas
1554 755 1712 796 recitatis,
1742 753 1828 798 quod
1859 753 2052 787 veneranda
2082 755 2228 787 canicies

364 817 477 850 facere
506 827 570 849 nun
610 815 758 849 deberet.
789 819 901 861 utpote
939 826 1012 848 cnm
1043 826 1126 859 ruge
1165 818 1198 847 et
1226 813 1331 859 pallor
1364 813 1473 847 vultus
1512 813 1628 847 similia
1669 813 1876 847 detestentur
1913 815 2058 847 maxime
2091 817 2229 859 propter

364 877 517 910 diversos
547 877 739 917 languores.
770 878 822 920 qui
861 878 891 909 in
922 875 1057 909 senibus
1086 877 1198 909 varies
1228 873 1429 907 cruciatibus
1467 876 1612 917 seviunt,
1642 884 1724 919 quos
1754 873 1933 907 admonent
1969 874 2123 917 vigilare,
2153 875 2228 919 quia

364 948 460 971 nemo
490 940 548 970 scit
580 948 642 982 qna
672 936 754 970 hora
785 936 936 969 dominus
966 941 1127 970 venturus
1156 938 1197 970 sit
1226 939 1257 968 et
1287 937 1348 968 iam
1379 937 1447 968 vite
1477 934 1548 969 dies
1576 934 1616 968 ad
1645 944 1825 980 vesperam
1846 934 2033 968 inclinatur.
2069 934 2229 968 Dimittite

364 1010 447 1035 τωρ-υ
477 997 635 1043 deinceps
665 996 834 1030 deformes
864 996 1036 1030 mulierum
1067 996 1326 1042 disputaciones,
1356 999 1389 1029 et
1417 995 1503 1040 quod
1533 995 1573 1028 ad
1603 1005 1664 1029 vos
1693 1006 1759 1028 non
1787 998 1942 1041 pertinet,
1963 995 2051 1029 nullo
2080 997 2229 1029 tractetis

363 1058 517 1103 alloquio.
539 1069 604 1091 non
635 1060 739 1091 ceiam
761 1057 981 1091 meditacione
1010 1059 1201 1093 ruminetis:
1230 1068 1292 1090 nec
1321 1067 1379 1090 eas
1408 1056 1558 1089 similiter
1583 1055 1671 1100 loqui
1701 1056 1873 1089 audiamus
1900 1056 2047 1090 adinstar
2074 1055 2228 1102 pruden-

363 1121 478 1152 tissimi
509 1117 649 1154 Ythacii.
671 1121 724 1163 qui
754 1122 858 1151 ratem
888 1120 1105 1151 strictissimis
1125 1116 1267 1151 nexibus
1288 1116 1398 1150 arbori
1429 1116 1589 1161 alligavit,
1609 1128 1651 1150 ne
1672 1119 1858 1150 sirenarum
1888 1119 2047 1150 armoniis
2068 1116 2228 1162 pellectus

364 1178 596 1213 miseribaliter
624 1190 697 1212 eum
728 1178 799 1212 aliis
828 1178 985 1224 scopulos
1013 1177 1335 1223 subintrasset.***]
1365 1177 1524 1211 Similiter
1553 1182 1665 1211 vestra
1694 1177 1888 1211 veneranda
1909 1177 2089 1223 prudencia
2117 1176 2228 1219 saciat,

363 1251 461 1273 aures
491 1238 673 1283 scilicet-{ji
712 1242 816 1273 eciam
854 1241 957 1284 piceis
995 1238 1090 1272 nodis
1126 1238 1288 1272 obturetis
1325 1238 1366 1271 ad
1395 1237 1513 1271 blanda
1544 1237 1688 1283 eloquia,
1728 1238 1814 1283 quod
1853 1240 1880 1272 si
1909 1237 2109 1283 quandoque
2148 1247 2228 1271 caro

363 1299 572 1346 spirit11i††]
603 1304 633 1333 et
669 1304 805 1333 econtra
844 1302 978 1345 spiritus
1014 1299 1178 1333 adversus
1207 1309 1342 1333 carnem
1380 1303 1558 1344 repugnet,
1587 1298 1796 1332 consulerem
1835 1301 1867 1332 in
1896 1297 1960 1332 hac
1996 1302 2103 1344 parte,
2141 1297 2228 1343 quod

364 1365 495 1394 assueta
526 1372 605 1394 caro
644 1365 756 1394 vestra
796 1360 923 1393 deliciis
964 1360 1133 1406 paulisper
1170 1358 1382 1393 abstrahatur
1420 1362 1592 1405 potissime
1628 1370 1645 1392 a
1684 1359 1869 1405 poculentis
1899 1363 1931 1393 et
1966 1359 2158 1402 esculentis,
2195 1362 2230 1392 ut

363 1420 554 1455 stomachus
570 1425 696 1455 vester.
717 1423 771 1466 qui
800 1420 927 1466 pridem
949 1420 1057 1453 multis
1077 1420 1203 1454 deliciis
1224 1419 1393 1463 affluebat,
1423 1423 1487 1454 iam
1508 1423 1638 1454 ieiuniis
1667 1425 1699 1454 et
1719 1420 2000 1465 castigacionibus
2026 1422 2228 1464 corrigatur,

363 1486 395 1515 nt
424 1493 484 1528 per
513 1492 723 1527 consequens
743 1481 929 1515 crassitudo
958 1483 1111 1527 eorporis
1132 1480 1274 1523 deficiat,
1294 1491 1369 1514 nam
1396 1483 1531 1526 pinguia
1562 1480 1686 1514 sorcius
1706 1480 1928 1514 incenduntur
1948 1485 1980 1514 et
1999 1483 2122 1515 vicium
2152 1479 2229 1514 inde

363 1545 507 1583 timetur,
547 1542 634 1576 unde
668 1542 798 1588 plenior
834 1544 1070 1588 supervenerit
1106 1541 1308 1587 replecionis
1346 1540 1510 1587 opilaci03
1556 1541 1698 1587 qualiter
1734 1543 1766 1574 in
1804 1540 1954 1575 Levitico
1990 1540 2159 1587 pinguedo
2197 1544 2230 1574 et

363 1603 535 1636 renunculi
564 1602 783 1636 adolebantur
811 1606 841 1636 ct
870 1601 935 1636 hoc
963 1604 994 1635 in
1023 1604 1187 1647 sinagoga
1217 1604 1279 1635 nisi
1308 1604 1382 1647 quia
1412 1604 1507 1648 apice
1527 1601 1582 1647 (?]
1603 1606 1634 1635 et
1663 1604 1696 1635 in
1715 1600 1822 1646 figura
1851 1604 1883 1635 in
1908 1604 2056 1647 presenti
2085 1601 2228 1635 ecclesia

364 1674 509 1697 oramus.
552 1662 636 1697 Ure
664 1666 769 1707 igne
798 1661 990 1708 spiritus
1020 1665 1165 1696 sancti
1194 1673 1435 1707 quesumus
1464 1662 1597 1696 domine
1627 1673 1726 1696 renes
1754 1666 1901 1696 nostros.
1944 1661 2024 1696 Ideo
2052 1664 2228 1708 reciproca

365 1726 439 1757 viee
468 1723 564 1757 vobis
593 1723 807 1767 consulimus,
828 1727 863 1756 ut
890 1723 1002 1757 ultima
1033 1725 1101 1757 vite
1129 1727 1244 1757 vestre
1274 1727 1425 1769 tempora
1446 1725 1509 1756 iam
1538 1725 1570 1756 in
1599 1725 1808 1769 penitenciis,
1830 1722 2055 1765 oracionibus,
2084 1724 2227 1766 ieiuniis,

366 1784 555 1817 elemosinis
585 1783 730 1818 ethonis
760 1783 917 1830 operibus
946 1783 1117 1818 deducatis
1146 1788 1245 1829 atque
1273 1786 1433 1830 preterita
1462 1788 1495 1817 et
1513 1786 1688 1830 presencia
1719 1783 1803 1817 mala
1824 1785 2088 1829 compunccione
2117 1782 2228 1817 cordis

367 1848 398 1877 et
427 1844 636 1877 lacrimarum
666 1844 830 1890 profluvio
861 1843 1023 1883 defleatis„
1053 1847 1127 1889 quia
1155 1855 1363 1889 quacumque
1393 1844 1475 1878 hora
1495 1848 1655 1890 peccator
1683 1846 1896 1889 ingemuerit,
1916 1848 1951 1877 ut
1979 1843 2058 1877 dicit
2077 1843 2230 1877 dominus

365 1916 426 1950 per
454 1903 685 1938 Ezechielem:
717 1904 870 1938 Omnium
891 1907 1097 1950 iniquitatum
1118 1915 1251 1938 suarum
1264 1903 1362 1952 †††)
1383 1916 1449 1938 non
1471 1904 1683 1939 memorabor
1703 1904 1854 1950 amplius,
1885 1908 1917 1938 et
1936 1903 2001 1938 hoc
2029 1907 2062 1938 in
2081 1906 2229 1950 presenti

367 1967 564 1998 examinetis
600 1965 764 2008 adventu·7
802 1977 865 1999 nec
903 1976 956 1999 me
985 1967 1171 2011 ypocritam
1210 1965 1285 1999 ideo
1322 1965 1485 2008 indicetis,
1523 1967 1597 2010 quia
1627 1964 1905 2011 reprehensivam
1943 1965 1983 1998 ad
2018 1976 2081 1999 vos
2119 1964 2227 2009 dirigo

367 2025 559 2071 epistolam
597 2025 660 2059 hec
699 2037 763 2059 non
810 2025 949 2059 facimus
986 2030 1084 2072 prout
1121 2030 1373 2059 consueverunt
1407 2028 1573 2072 ypocrite,
1620 2029 1654 2059 ut
1688 2036 1705 2059 a
1743 2025 1841 2059 vobis
1880 2025 2006 2059 lucrum
2045 2024 2229 2071 temporale

368 2091 603 2132 expeteremus
632 2086 686 2119 vel
716 2087 819 2120 laudis
848 2086 970 2120 famam
999 2091 1246 2132 appeteremus,
1276 2089 1350 2132 quia
1380 2090 1570 2132 presentem
1599 2088 1696 2132 cupio
1724 2086 1867 2119 lacerari
1903 2084 1958 2131 (Β)
1994 2085 2166 2131 epistolam
2197 2088 2230 2118 et

368 2146 639 2180 malediccionem
669 2151 828 2180 vestram.
859 2159 955 2192 quam
994 2146 1142 2181 feceritis
1171 2147 1279 2190 nobis,
1317 2149 1349 2180 in
1377 2146 1652 2181 benediccionem
1682 2157 1868 2189 revocare3
1897 2145 1961 2179 hec
1990 2145 2030 2179 ad
2068 2145 2229 2179 solacium

369 2211 399 2241 et
428 2207 697 2240 consolacionem
718 2206 752 2240 P.
773 2206 813 2240 V.
836 2207 1010 2241 scribimus
1040 2219 1132 2241 more
1153 2212 1327 2249 consueto,
1356 2212 1391 2241 ut
1409 2210 1515 2241 eciam
1547 2210 1579 2241 in
1608 2209 1683 2241 ioco
1713 2206 1946 2240 Olomucensis
1966 2208 2071 2252 possit
2090 2208 2227 2239 antistes

367 2270 545 2302 veritatem
575 2270 737 2301 invenire.
768 2267 1020 2303 Recommendo
1053 2280 1105 2303 me
1134 2269 1275 2303 amande
1304 2267 1338 2302 P.
1360 2267 1415 2312 V.,
1437 2279 1533 2313 quam
1563 2271 1744 2301 conservet
1772 2266 1963 2303 attissimus„
1992 2266 2229 2312 supplicantes,

369 2332 401 2361 ut
430 2339 490 2373 per
518 2328 723 2361 reversalem
745 2328 915 2373 epistolam
947 2332 1059 2374 peiora
1081 2329 1121 2363 de
1151 2341 1204 2363 me
1224 2329 1376 2363 scribatis
1406 2333 1437 2362 et
1457 2328 1510 2362 ubi
1531 2328 1628 2361 faciei
1657 2327 1696 2361 ad
1718 2326 1838 2360 faciem
1876 2326 2041 2372 colloquio
2062 2336 2230 2368 caremus,

369 2388 412 2422 ibi
441 2387 605 2433 lingue§]
644 2388 771 2422 calamo
801 2389 1038 2434 colloquamur.
1094 2389 1214 2424 Valete
1252 2393 1284 2423 in
1319 2393 1434 2424 sancto
1465 2387 1619 2422 Cristino.
1676 2387 1796 2421 Datum
1834 2386 1997 2433 Rudnycz
2026 2386 2135 2421 XXII.
2176 2385 2229 2420 die

371 2451 494 2482 mensis
525 2448 689 2482 Octobris.

681 2518 764 2552 (cod.
789 2518 870 2552 epist.
895 2519 942 2543 des
967 2520 1050 2546 Erzb.
1076 2529 1103 2547 v.
1128 2521 1211 2554 Prag,
1235 2521 1352 2546 Johann
1376 2529 1402 2546 v.
1425 2519 1621 2553 Jenzeustein,
1646 2519 1777 2552 herausg.
1803 2527 1829 2544 v.
1845 2517 1873 2544 J.
1890 2517 2021 2553 Loserth,
2046 2515 2133 2542 Arch.
2156 2516 2175 2542 f.
2206 2518 2231 2542 ὅ.

785 2569 985 2595 Geschiehtsk.
1011 2571 1061 2595 Bd.
1087 2571 1135 2596 55.
1162 2581 1228 2606 pag,
1255 2572 1337 2606 319.)

533 2647 562 2682 ἦ)
588 2648 761 2673 consulimus
784 2648 958 2674 wiederholt.
992 2664 1028 2667 —
1061 2646 1109 2683 με)
1134 2650 1167 2674 In
1192 2650 1270 2675 cod.:
1301 2658 1456 2684 mogamus.
1488 2664 1530 2668 —
1561 2648 1631 2683 '³⁹²³ffi)
1656 2648 1755 2682 Urspr.
1777 2647 1958 2673 subintraret.
1982 2661 2018 2666 —-
2041 2644 2072 2681 †)
2094 2646 2127 2671 In
2149 2645 2228 2671 cod.:

373 2699 472 2725 silicet.
489 2714 524 2718 —
540 2698 593 2734 ἢ)
608 2700 639 2724 In
654 2700 731 2725 cod.:
748 2709 830 2734 spur:
844 2709 878 2725 zu
892 2700 1020 2733 spiritum
1034 2704 1107 2725 wiire
1122 2705 1220 2726 eontra
1235 2710 1268 2726 zu
1283 2705 1434 2735 erganzen.
1453 2715 1489 2720 -—
1508 2698 1583 2735 †††)
1598 2700 1630 2725 In
1648 2700 1725 2726 cod.:
1742 2707 1864 2725 suorum.
1882 2713 1921 2716 —-
1939 2696 1970 2734 ξ)
1988 2698 2021 2723 In
2038 2697 2116 2724 cod.:
2141 2697 2227 2731 liguo.
