2336 3074
1236 187 1309 220 4115

342 298 370 324 et
405 291 580 324 lieri-«lilius
616 295 737 323 nostris
757 291 891 324 lion-mie
922 290 1068 328 regilius.
1101 303 1172 324 eum
1205 292 1360 336 predictis
1392 292 1493 325 fratre
1524 295 1637 325 nostro
1668 303 1749 335 reg-re
1771 292 1985 333 sigismundo
2016 297 2048 326 et
2074 292 2202 327 Jodoco

343 353 534 385 iuni-chione
566 357 679 396 patruo
715 357 742 383 et
776 351 955 384 heredibus
986 354 1143 396 ipsorum.
1182 355 1211 384 iu
1252 352 1343 385 lirina
1381 357 1410 385 et
1449 355 1611 386 constanti
1649 353 1713 395 liga
1752 358 1780 386 et
1822 353 2047 387 iudossoluhili
2084 358 2204 388 unione

343 424 488 445 niani-re.
521 416 664 456 ipsisque
686 412 849 444 :nivei-sus
871 423 1139 457 uuumqueuiqiu·
1161 412 1340 449 hominem,
1363 425 1491 451 regem.
1522 416 1703 459 principem
1726 417 1756 447 et
1777 416 2015 459 cuiuscunupie
2036 414 2202 457 diguitatis

341 474 463 510 :radus
493 484 549 504 seu
581 472 785 504 condicionis
816 475 947 506 existat.
987 475 1039 517 qui
1079 477 1185 506 terras
1216 475 1417 518 principatus
1456 478 1484 506 et
1526 474 1669 507 dominia
1700 476 1794 517 regui
1827 474 1974 515 Una-arie
2004 479 2035 507 et
2063 475 2201 509 aliorum

343 544 520 570 regnorum
544 533 581 565 :ul
605 544 762 566 eoronam
787 536 880 570 regni
899 533 1048 573 [lu-„varie
1070 538 1098 566 et
1123 533 1386 567 marehionatum
1409 534 1561 568 Moravie
1583 537 1823 579 pertinencium
1845 535 2201 569 invaderemolestare

342 605 398 626 seu
429 593 508 626 :ilias
543 597 732 638 opprimere
771 598 961 628 coma-etur.
1000 606 1073 627 cnm
1111 597 1208 628 terris
1248 598 1370 628 nostris
1410 595 1557 637 l'ugarie
1588 606 1693 639 reguo
1729 598 1906 639 contiguis,
1950 607 2080 629 necnon
2115 599 2204 629 omni

342 666 402 698 qua
435 654 583 687 xalemus
618 657 768 699 potencia
799 654 977 699 diligenter
1014 658 1173 688 assistere
1212 660 1241 688 et
1274 655 1413 689 lideliter
1442 656 1634 690 subvenire.
1672 656 1717 690 lta
1749 656 1916 694 videlicet,
1955 656 2041 701 quod
2079 659 2106 691 si
2144 660 2203 702 ipsi

343 726 400 747 rex
433 714 534 747 frater
564 719 592 747 et
625 714 774 748 marchio
804 719 940 760 patruus
971 716 1023 749 vel
1054 715 1137 749 alter
1175 727 1290 749 eorum
1329 719 1530 750 coniunctim
1566 717 1619 750 vel
1656 717 1786 751 divisim
1817 721 1872 750 aut
1906 716 2050 752 heredes
2089 728 2204 751 eorum

342 779 434 807 extra
467 779 570 807 metas
601 786 780 815 regnorum
812 781 843 808 et
872 776 1092 810 dominiorum
1123 788 1257 810 suorum
1290 777 1440 811 hostilem
1472 788 1666 823 processum
1697 783 1811 812 contra
1842 781 1970 812 vicinos
2000 782 2032 811 et
2056 778 2205 812 contines

342 846 455 868 eorum
486 835 701 868 adversarios
732 836 785 869 vel
816 848 931 870 eorum
962 838 1100 870 alterum
1132 837 1318 873 liubin-rint.
1349 842 1470 871 extunc
1501 838 1539 871 ad
1571 841 1769 883 peticionem
1793 841 1937 884 ipsorum
1959 841 2068 880 gentis
2093 843 2205 872 nostre

341 898 508 939 armigeri·
539 900 568 928 et
599 899 771 938 sagittarie
801 896 948 930 subsidio
981 903 1009 931 et
1041 898 1176 932 auxilio.
1207 903 1301 944 prout
1332 898 1449 932 melius
1479 901 1669 944 poterimus
1707 901 1795 945 ipsos
1825 903 1857 932 et
1886 898 2029 933 heredes
2059 902 2203 945 ipsorum

343 967 402 989 nos
432 961 461 989 et
492 955 635 990 heredes
666 960 780 991 nostri.
811 958 972 992 adiuvare
1001 961 1072 992 siue
1103 959 1219 992 fraude
1249 963 1280 992 et
1310 959 1384 992 dolo
1411 962 1631 1004 promittimus
1652 964 1683 993 et
1704 959 1874 993 debemus.
1906 959 1940 993 Si
1970 963 2078 993 autem
2101 963 2205 993 mctas

344 1017 565 1061 predictorum
598 1021 692 1061 reg-ui
715 1018 862 1057 [imario
892 1024 924 1052 et
945 1019 1165 1053 dominiorum
1188 1022 1333 1065 ipsorum
1357 1023 1516 1065 quispiam
1542 1020 1595 1054 vel
1616 1023 1782 1065 quippiam
1804 1020 1997 1053 eorumdem
2019 1019 2204 1054 adversarii

343 1080 549 1111 iutraverint.
582 1081 670 1123 ipsos
700 1079 753 1112 vel
784 1079 926 1113 heredes
957 1091 1071 1113 eorum
1102 1092 1140 1113 ac
1170 1092 1274 1119 ret-rna
1306 1085 1337 1114 ct
1366 1080 1509 1114 dominia
1540 1091 1612 1114 cum
1643 1084 1856 1126 pertinenciis
1887 1083 2031 1126 ipsorum
2054 1084 2206 1125 potenter

343 1142 370 1170 et
391 1137 554 1171 hostiliter
577 1141 735 1174 invasuri.
753 1145 875 1173 extunc
897 1152 957 1174 nos
979 1145 1011 1173 et
1032 1140 1175 1174 heredes
1196 1144 1298 1174 nostri
1316 1141 1451 1175 eosdem
1473 1152 1589 1183 regem
1608 1141 1756 1185 Ungui-ie
1778 1141 1912 1174 fratrem
1931 1145 1963 1174 et
1979 1140 2204 1174 marchionem

342 1198 494 1231 Moravie
531 1203 680 1243 patruum
720 1204 852 1233 nostros
891 1205 923 1233 et.
959 1211 1074 1233 eorum
1106 1200 1261 1237 heredes.
1305 1213 1377 1235 cuin
1418 1207 1483 1235 tota
1522 1207 1635 1236 nostra
1670 1205 1766 1246 regni
1802 1201 1940 1235 Boemic
1975 1204 2127 1247 potencia
2163 1201 2202 1235 ad

344 1262 542 1304 peticionem
573 1271 688 1293 eorum
720 1261 772 1293 vel
804 1261 964 1294 heredum
995 1265 1140 1306 ipsorum
1180 1265 1400 1307 promittimus
1430 1263 1652 1308 personaliter
1681 1267 1713 1296 et
1742 1262 1927 1296 temaebimur
1956 1262 2127 1296 adiuvare.
2167 1261 2206 1295 Et

342 1332 359 1353 e
389 1331 555 1353 conuerso
594 1320 690 1353 iidem
731 1322 833 1354 frater
862 1327 976 1355 noster
1005 1333 1066 1355 rex
1099 1322 1258 1367 fugai-ie.
1306 1327 1337 1356 et
1376 1323 1524 1356 marchio
1561 1324 1714 1358 Moravie
1752 1328 1886 1369 patruus
1926 1327 2040 1357 noster
2075 1333 2135 1356 nos
2173 1326 2205 1356 et

344 1380 485 1414 heredes
517 1385 648 1414 nostros
679 1392 818 1426 regnum
849 1385 1052 1428 principatus
1090 1394 1128 1416 ac
1167 1388 1274 1417 terras
1310 1388 1442 1417 nostras
1471 1389 1586 1417 contra
1617 1395 1733 1418 omnes
1768 1389 1800 1417 et
1837 1383 2002 1428 quoslibet
2039 1383 2202 1422 hominesq

343 1444 580 1486 cuiuscumque
611 1442 747 1476 honoris
777 1447 808 1475 et
838 1446 1086 1488 preeminencie
1115 1447 1271 1480 existant.
1310 1444 1398 1478 nullo
1428 1448 1557 1490 penitus
1586 1450 1742 1490 excepto,
1782 1449 1956 1478 tcncantur
1994 1449 2026 1478 et
2062 1443 2205 1477 debeant

341 1506 435 1548 prout
467 1502 582 1535 melius
613 1508 765 1547 poterunt
806 1503 946 1537 lideliter
975 1505 1147 1539 adiuvare.
1187 1508 1408 1550 expressione
1446 1506 1542 1539 simili
1580 1505 1758 1545 mediante,
1799 1505 1884 1550 quod
1918 1508 1945 1538 si
1974 1510 2071 1538 extra
2102 1508 2206 1538 metas

343 1574 522 1601 regnorum
554 1569 742 1597 nostrorum
774 1576 968 1610 processum
999 1566 1138 1599 similem
1168 1570 1283 1599 contra
1314 1570 1447 1599 nostros
1476 1566 1691 1600 adversarios
1728 1569 1858 1599 vicinos
1892 1570 1923 1599 ct
1961 1564 2110 1599 contines
2145 1576 2204 1599 nos

343 1629 393 1657 aut
432 1624 575 1658 heredes
605 1628 708 1657 nostri
739 1625 964 1659 halmerinuis.
1008 1631 1131 1659 extunc
1169 1638 1229 1659 nos
1266 1631 1297 1659 ct
1327 1626 1470 1661 heredes
1499 1631 1631 1660 nostros
1661 1629 1721 1672 ipsi
1751 1638 1812 1660 rex
1851 1626 2000 1671 Ungarie
2039 1625 2142 1659 frater
2176 1629 2207 1658 et

344 1685 491 1718 marchio
521 1685 672 1719 Moravie
702 1690 837 1731 patruus
867 1690 898 1719 et
929 1686 1071 1720 heredes
1101 1690 1247 1732 ipsorum
1278 1687 1317 1720 ad
1349 1690 1548 1732 peticionem
1578 1691 1724 1720 nostram
1754 1689 1863 1728 ,conus
1893 1697 2008 1720 eorum
2039 1688 2207 1729 armigero

343 1750 372 1779 et
403 1749 574 1787 sagittarie
603 1746 750 1780 subsidio
780 1750 851 1780 sine
886 1746 1002 1781 fraude
1032 1752 1061 1780 et
1093 1747 1167 1781 dolo
1198 1752 1291 1793 prout
1323 1748 1439 1781 melius
1468 1753 1623 1793 poterunt
1651 1747 1864 1781 adiuvahunt.
1896 1746 1930 1781 Si
1961 1751 2069 1781 autem
2100 1751 2204 1780 metas

344 1819 524 1844 ret-rnorum
556 1813 744 1841 nostrorum
775 1811 935 1853 quispiam
967 1809 1020 1841 vel
1050 1811 1215 1854 quippiam
1247 1811 1455 1843 intraverint.
1486 1820 1546 1841 nos
1577 1808 1719 1842 heredes
1740 1813 1874 1842 nostros
1894 1812 1949 1841 aut
1968 1818 2073 1851 regna
2095 1811 2206 1841 nostra

344 1868 505 1901 hostiliter
535 1871 694 1902 invasuri.
726 1874 849 1902 extunc
879 1869 982 1902 frater
1012 1874 1126 1902 noster
1154 1880 1216 1902 rex
1247 1869 1395 1913 ngarie
1425 1874 1456 1903 et
1485 1874 1620 1914 patruus
1651 1869 1798 1903 marchio
1819 1868 1972 1903 Moravic
2002 1873 2033 1901 et
2063 1867 2206 1901 heredes

344 1931 490 1973 ipsorum
529 1940 589 1962 nos
624 1933 655 1961 et
695 1929 837 1963 heredes
880 1934 1012 1963 nostros
1052 1941 1125 1963 cum
1165 1934 1231 1964 tota
1269 1941 1384 1963 eorum
1421 1941 1602 1974 regnorum
1639 1935 1671 1964 et
1708 1930 1929 1963 dominiorum
1965 1931 2118 1974 potencia
2164 1927 2204 1961 ad

344 1992 599 2034 requisicionem
630 1995 776 2023 nostram
807 1995 861 2023 aut
892 1990 1051 2024 heredum
1081 1995 1272 2024 nostrorum
1302 1994 1373 2024 sine
1402 1990 1520 2024 fraude
1550 1995 1581 2024 et
1610 1991 1686 2024 dolo
1715 1990 1936 2036 personaliter
1965 1993 2140 2023 tencantur
2173 1992 2206 2021 et

344 2048 485 2083 debeant
514 2050 687 2083 adiuvare.
736 2050 959 2084 Promittimus
989 2053 1093 2084 eciam
1124 2050 1187 2085 fide
1216 2063 1278 2097 qua
1309 2063 1407 2097 supra
1438 2052 1594 2097 predictis
1624 2051 1718 2085 fratri
1747 2056 1860 2085 nostro
1890 2052 1963 2095 regi
1992 2049 2141 2093 Ungarie
2175 2052 2207 2082 et

345 2114 460 2155 patruo
490 2115 605 2144 nostro
626 2110 809 2144 marchioni
829 2110 994 2144 Moravie.
1025 2112 1110 2156 quod
1132 2114 1163 2145 in
1184 2123 1296 2146 casum
1318 2124 1381 2157 quo
1403 2112 1543 2149 nobiles.
1572 2111 1717 2146 barones
1746 2114 1818 2145 sive
1838 2110 1913 2144 bani
1934 2120 2116 2153 regnorum
2135 2111 2208 2142 sive

345 2175 507 2203 terrarum
529 2173 675 2216 ipsorum
696 2171 737 2204 ad
758 2177 864 2205 terras
885 2176 917 2204 et
943 2171 1087 2204 dominia
1107 2177 1233 2213 nostra„
1263 2173 1302 2206 ad
1324 2184 1384 2207 nos
1415 2174 1553 2207 forsitan
1575 2173 1743 2207 divertere
1763 2176 1795 2205 ct
1816 2176 1892 2216 aput
1917 2182 1977 2204 nos
2001 2172 2205 2203 mansionem

344 2242 436 2263 suam
469 2234 543 2264 sive
580 2231 744 2265 domicilia
775 2232 898 2265 vellent
931 2232 1109 2267 collocare.
1139 2233 1226 2277 quod
1259 2238 1382 2268 extunc
1412 2234 1493 2267 tales
1522 2243 1729 2278 nequaquam
1759 2234 1930 2276 suscipere
1960 2241 2018 2264 scu
2048 2232 2079 2263 in
2109 2231 2206 2263 terris

345 2291 581 2337 principatibus
596 2297 628 2325 et
648 2292 800 2326 dominiis
821 2296 942 2326 nostris
963 2292 1088 2338 absque
1109 2293 1333 2339 predictorum
1355 2297 1446 2339 regis
1467 2294 1578 2328 fratris
1598 2298 1629 2327 et
1650 2292 1851 2326 marchionis
1868 2293 1973 2337 patrui
1995 2294 2027 2323 et
2047 2289 2205 2323 heredum

345 2355 490 2396 ipsorum
521 2363 685 2398 expresso
715 2356 798 2386 scitu
820 2352 1027 2399 beneplacito
1057 2359 1155 2399 atque
1176 2365 1343 2388 consensu
1364 2355 1558 2389 debebimus
1583 2353 1827 2399 quomodolibet
1854 2351 2051 2386 confovere.
2082 2349 2123 2384 Et
2143 2349 2206 2383 hoc

345 2415 448 2456 ipsum
475 2414 611 2457 predicti
641 2425 702 2447 rex
728 2418 759 2446 et
785 2413 933 2447 marchio
963 2418 995 2447 et
1024 2414 1167 2448 heredes
1197 2417 1343 2460 ipsorum
1375 2427 1456 2460 erga
1481 2427 1542 2449 nos
1562 2419 1595 2449 et
1619 2414 1762 2448 heredes
1787 2417 1919 2447 nostros
1945 2422 2045 2456 reges
2069 2410 2205 2444 Bocmie

346 2471 457 2505 facere
478 2473 676 2507 tenebuntur
696 2477 887 2510 vic-*eversa*
910 2479 939 2507 ut
962 2474 1118 2508 videlicet
1138 2477 1169 2508 in
1190 2486 1316 2519 casum,
1343 2487 1407 2521 quo
1428 2475 1556 2509 nobiles
1576 2474 1720 2508 barones
1742 2484 1922 2517 regnorum
1944 2475 2017 2505 sive
2043 2476 2205 2504 terrarum

345 2537 531 2566 nostrarum
563 2535 600 2567 ad
633 2539 740 2568 terras
769 2539 801 2567 et
830 2535 974 2568 dominia
1012 2538 1158 2580 ipsorum
1198 2536 1335 2570 forsitan
1374 2537 1544 2569 divertere
1581 2539 1613 2568 ct
1642 2539 1719 2580 aput
1749 2537 1837 2579 ipsos
1867 2535 2075 2566 mansionem
2112 2541 2204 2563 suam

348 2596 421 2626 sive
458 2593 620 2627 domicilia
660 2595 784 2628 vellent
822 2595 959 2629 forsitan
998 2596 1176 2629 collocare.
1223 2596 1307 2641 quod
1347 2601 1471 2630 extunc
1507 2595 1589 2629 tales
1628 2605 1836 2639 nequaquam
1872 2595 2044 2638 suscipere
2081 2602 2141 2625 seu
2176 2593 2206 2623 in

348 2656 446 2686 terris
475 2654 711 2699 principatibus
741 2660 770 2687 et
801 2655 953 2689 dominiis
982 2659 1129 2702 ipsorum
1159 2657 1284 2703 absque
1314 2661 1428 2691 nostro
1457 2661 1489 2690 et
1519 2656 1677 2689 heredum
1703 2659 1891 2689 nostrorum
1928 2663 2043 2697 regum
2070 2651 2207 2685 Boemic
