2336 3074
965 206 1037 240 367

72 314 176 346 cionis
218 322 291 345 011111
327 310 477 345 omnibus
513 309 714 344 utilitatibus.
754 309 934 344 redditibus
972 314 1138 344 universis
1180 310 1329 343 dedimus
1372 314 1403 342 et
1440 308 1649 355 presentibus
1688 308 1849 341 donamus
1891 306 1930 340 ad

72 371 272 415 habendum7
301 371 478 405 tenendum
509 376 541 405 et
568 376 728 417 perpetue
757 370 1004 416 possidendum.
1034 370 1256 403 utit'ruendum
1295 374 1325 402 et
1362 372 1392 402 in
1431 380 1509 402 usus
1538 380 1616 402 suos
1654 367 1930 401 convertendum.

73 431 143 466 Tali
182 437 291 466 tamen
327 432 535 468 condicione.
574 431 659 476 quod
697 431 782 464 idem
821 430 925 464 frater
959 430 1121 464 Martinus
1157 430 1315 476 plebanus
1354 430 1438 463 dicu,¹
1477 430 1620 463 ecclesie
1659 432 1690 462 in
1730 428 1867 462 Cholina
1903 432 1932 461 et

74 503 290 526 successores
319 496 380 527 sui.
411 496 464 538 qui
493 503 553 538 pro
583 497 733 537 tempore
762 491 895 525 fuerint.
925 494 1019 524 annis
1048 491 1186 535 singulis
1216 495 1245 523 et
1276 493 1444 535 perpetuis
1473 490 1514 523 de
1543 490 1666 523 eisdem
1703 492 1804 522 curia.
1844 491 1935 531 agris

76 557 107 586 et
134 555 260 598 piscina
281 563 319 586 30
340 551 531 586 utilitatibus
552 551 733 585 eorundem
764 551 920 585 fratribus
940 555 1043 585 nostri
1065 555 1251 584 conventus
1272 550 1486 584 Gradicensis
1507 551 1545 584 ad
1570 553 1757 596 pytanciam
1788 553 1933 595 ipsorum

77 613 158 647 duas
178 613 332 647 marchas
352 623 547 657 grossorum
579 613 791 646 denariorum
813 614 974 645 moravici
995 614 1123 645 numeri
1153 616 1182 644 et
1204 614 1404 657 pagamenti.
1435 614 1610 656 sexaginta
1632 614 1773 656 quatuor
1796 620 1936 654 grossos

78 684 138 719 pro
158 674 301 719 qualibet
321 673 456 707 marcha
479 673 713 718 computando.
744 672 878 706 solvere
908 671 1039 705 debebit
1068 676 1098 705 et
1129 671 1304 714 tenebitur,
1334 683 1393 704 seu
1423 682 1639 704 successores
1660 673 1710 704 sui
1739 669 1938 703 tenebuntur

77 738 109 768 et
129 733 306 770 debebunt.
326 745 423 767 unam
445 733 614 767 marcham
634 744 829 777 grossorum
861 733 1041 766 eorundem
1063 732 1217 766 videlicet
1249 735 1280 766 in
1309 735 1412 765 sancti
1433 731 1570 776 Georgii
1600 736 1629 765 et
1649 731 1745 764 311331
1768 730 1935 764 marcham

77 781 110 828 111
138 797 242 828 5311011
270 794 466 827 VVenceslai
495 794 599 836 festis.
629 805 665 827 se
695 798 771 827 tunc
800 796 953 839 proxime
982 797 1011 826 et
1042 793 1231 826 immediate
1260 792 1494 837 sequentibus:
1542 795 1669 837 ipsique
1699 792 1820 825 fratres
1849 802 1936 824 0011-

78 859 198 888 ventus
223 857 415 888 monasterii
439 857 543 888 nostri
563 854 718 888 antedicti
735 856 915 887 occasione
938 853 1131 886 donacionis
1148 853 1334 887 huiusmodi
1355 853 1491 886 duarum
1514 852 1723 885 marcharum
1740 861 1936 896 grossorum

81 915 303 961 predictorum
333 915 471 959 singulis
501 919 642 960 quatuor
669 913 873 959 temporibus
903 917 1071 959 perpetuis
1101 917 1131 947 in
1161 925 1247 947 anuo
1277 916 1438 958 exequias
1468 913 1580 946 facere
1610 912 1730 945 debent
1759 912 1882 956 vigiliis
1907 921 1940 949 et

78 978 178 1009 missa
207 975 438 1008 defunctorum
467 978 499 1008 in
527 978 673 1008 crastino
702 975 766 1008 diei
804 985 864 1020 pro
901 974 1050 1007 remedio
1088 979 1213 1017 nostre‚
1252 985 1486 1007 suceessorum
1517 978 1719 1007 nostrorum.
1755 976 1937 1006 amicorum

79 1040 109 1069 et
139 1038 462 1080 consanquineoriun
493 1047 531 1068 ac
560 1038 810 1081 pregenitorum
841 1040 871 1067 et
901 1039 1150 1068 antecessorum
1182 1037 1365 1068 animarum
1395 1034 1500 1067 salute
1530 1034 1756 1067 decantantes.
1795 1033 1830 1066 ln
1860 1043 1939 1065 casu

80 1107 177 1132 vero„
215 1096 300 1141 quod
340 1095 434 1131 absit.
473 1095 527 1129 ubi
562 1099 632 1141 ipse
671 1095 774 1129 frater
810 1095 971 1129 Martinus
1014 1100 1126 1129 rector
1162 1096 1306 1129 ecclesie
1335 1098 1436 1141 ipsius
1473 1098 1505 1128 in
1534 1094 1685 1138 Gholaia,
1723 1097 1776 1139 qui
1806 1098 1854 1127 est
1888 1096 1941 1126 aut

83 1168 300 1191 successores
328 1160 390 1195 sui.
429 1159 482 1202 qui
510 1167 571 1202 pro
601 1161 751 1202 tempore
780 1156 913 1199 fuerint.
944 1159 974 1189 in
1005 1156 1167 1189 solvendo
1197 1156 1384 1189 huiusmodi
1413 1166 1533 1188 census
1563 1155 1700 1188 duarum
1731 1154 1939 1187 marcharum

83 1228 279 1262 grossorum
300 1217 524 1263 predictorum
547 1217 640 1250 dictis
660 1216 817 1250 fratribus
836 1220 940 1250 nostri
960 1221 1146 1250 conventus
1176 1220 1206 1250 in
1227 1217 1335 1261 aliquo
1364 1219 1580 1249 terminorum
1603 1218 1742 1249 termino
1767 1214 1941 1259 negligens

83 1289 141 1312 seu
171 1278 381 1322 negligentes
410 1280 641 1311 invenirentur
660 1289 720 1311 seu
748 1277 881 1311 fuerint.
913 1282 1034 1311 extunc
1060 1288 1119 1310 nos
1138 1275 1324 1321 'il'ykerius
1345 1276 1446 1309 abbas
1476 1276 1660 1309 antedictus
1689 1274 1942 1309 successoribus

83 1341 205 1372 nostris
225 1341 462 1372 monasterium
493 1343 641 1371 nostrum
664 1338 869 1372 Gradicense
899 1337 1105 1371 intrantibus.
1137 1340 1258 1370 uostris
1277 1336 1568 1382 propinquioribus
1598 1339 1711 1370 amicis
1741 1341 1770 1369 et
1801 1339 1832 1369 in
1857 1336 1941 1369 linea

83 1401 399 1443 consanquineitatis
427 1397 523 1432 1101115
553 1401 749 1440 coniunctis.
790 1398 1040 1443 quibuscunque
1078 1403 1306 1443 nuncupentur
1344 1397 1541 1434 nominibus.
1581 1401 1697 1431 tenore
1731 1399 1941 1442 presencium

83 1459 211 1501 damus.
241 1459 455 1492 concedimus
485 1463 516 1491 et
545 1461 778 1492 committimus
807 1459 937 1504 plenam
967 1458 1103 1491 liberam
1124 1462 1334 1503 potestatem.
1364 1457 1526 1503 prefatam
1557 1461 1680 1491 curiam
1702 1468 1859 1501 agrorum
1885 1468 1945 1502 per

84 1529 157 1561 nOS.
186 1524 220 1552 ut
249 1522 459 1564 premittitur.
490 1519 644 1552 donatam
674 1530 747 1552 cum
777 1519 929 1553 omuibus
958 1522 1025 1552 suis
1054 1521 1267 1563 pertinenciis
1283 1520 1360 1562 jure
1381 1518 1496 1551 directi
1517 1518 1662 1551 dominii.
1693 1518 1777 1563 quod
1799 1517 1894 1551 nobis
1914 1521 1945 1550 et

84 1579 336 1613 successoribus
352 1591 391 1613 ac
407 1582 521 1612 31111015
537 1582 659 1613 11051115
674 1591 890 1613 reservamus
903 1583 933 1612 in
951 1579 1078 1612 eadem.
1097 1590 1113 1611 a
1130 1578 1259 1624 prefato
1270 1578 1412 1612 Martino
1424 1583 1556 1612 rectore
1568 1583 1597 1612 et
1610 1581 1677 1611 suis
1693 1577 1945 1611 successoribus

84 1640 285 1685 reperiendi,
316 1640 475 1685 exigendi
504 1644 535 1673 et
564 1651 600 1673 se
630 1640 669 1673 de
690 1640 805 1673 eadem
835 1640 1072 1673 intromittendi
1101 1644 1131 1673 et
1157 1639 1250 1673 bonis
1280 1639 1440 1673 eiusdem.
1470 1642 1641 1685 ipsamque
1662 1642 1787 1672 curiam
1808 1643 1839 1672 et
1859 1638 1946 1672 bona

85 1700 148 1733 alia
176 1704 334 1734 universa
374 1701 414 1734 de
442 1710 532 1734 novo
570 1700 714 1745 legandi.
753 1701 896 1734 donandi
934 1705 963 1734 et
999 1701 1038 1733 ad
1078 1703 1128 1746 pia
1168 1700 1239 1733 loca
1270 1705 1300 1733 et
1330 1704 1407 1733 vota
1436 1711 1496 1745 pro
1526 1699 1615 1733 libitu
1645 1700 1824 1733 voluntatis
1858 1709 1946 1732 con-

85 1761 251 1795 vertendi.
306 1761 348 1795 [t
385 1766 495 1795 autem
533 1761 596 1795 hec
625 1766 738 1795 nostra
777 1762 916 1795 donacio
954 1761 1136 1806 pleniorem
1178 1760 1308 1794 roboris
1338 1760 1484 1794 obtineat
1512 1760 1712 1803 firmitatem.
1750 1763 1854 1805 ipsam
1888 1770 1948 1805 per

87 1821 299 1855 honorabiles
329 1827 361 1855 et
389 1822 568 1866 religiosos
597 1822 718 1855 fratres
746 1821 933 1855 Johanneui
964 1825 994 1854 in
1024 1821 1226 1866 Lodyeuicz.
1258 1820 1501 1855 Olomucensis.
1533 1821 1691 1854 Lucensis
1730 1825 1761 1853 et
1789 1819 1947 1854 Mathiam

88 1885 120 1915 in
138 1881 284 1915 Owczar
298 1881 478 1926 Pragensis
503 1882 646 1916 diocesis
670 1882 887 1915 ecclesiarum
909 1881 1080 1927 plebanos.
1111 1881 1362 1915 Strahoviensis
1390 1893 1494 1927 prope
1511 1882 1652 1927 Pragam
1671 1884 1948 1915 monasteriorum

87 1942 271 1988 professos,
294 1945 542 1975 commissarios
564 1947 679 1976 sancte
702 1945 908 1976 visitacionis
934 1942 1034 1976 officii
1060 1954 1076 1975 a
1102 1942 1286 1975 venerabili
1315 1945 1345 1975 111
1363 1941 1494 1976 Christo
1519 1947 1612 1988 patre
1635 1942 1768 1976 domino
1795 1942 1949 1976 Conrado

90 2002 143 2036 dei
179 2005 294 2047 gracia
331 2002 450 2036 abbate
489 2006 681 2036 monasterii
720 2003 972 2036 Strahoviensis
1011 2003 1159 2048 predicti.
1198 2008 1290 2048 patre
1329 2003 1494 2046 abbatum.
1533 2003 1723 2048 specialiter
1765 2003 1950 2049 deputatos.

89 2065 279 2105 autorizari.
308 2062 461 2096 roborari
483 2074 520 2096 ac
551 2067 653 2096 ratam
675 2068 705 2097 et
735 2068 864 2107 gratam
885 2063 1111 2096 contii-matam
1134 2062 1306 2097 habentes.
1338 2063 1371 2097 In
1398 2075 1539 2108 quorum
1561 2067 1705 2097 omnium
1729 2066 1950 2097 testimonium

89 2127 264 2168 presentes
292 2123 406 2157 literas
435 2123 534 2157 scribi
564 2135 624 2169 per
653 2124 833 2157 Henricum
871 2126 1033 2157 notarium
1073 2123 1318 2168 infrascriptum
1347 2124 1447 2157 scribi
1478 2124 1617 2158 fecimus
1646 2127 1816 2169 nostrique
1854 2123 1952 2167 sigilli

90 2186 294 2229 appensione
324 2187 478 2217 iussimus
495 2187 704 2217 communiri.
734 2184 854 2217 Datum
885 2189 913 2217 et
945 2189 1052 2217 actum
1083 2186 1113 2216 in
1137 2187 1338 2217 monasterio
1368 2189 1482 2218 nostro
1504 2184 1700 2218 Gradieensi
1721 2195 1807 2218 311110
1830 2185 1952 2217 domini

91 2244 267 2277 millesimo
297 2247 532 2278 trecentesimo
562 2248 791 2289 octuagesimo
820 2250 928 2278 sexto.
960 2244 1144 2278 indiccione
1172 2255 1271 2287 nona.
1300 2244 1383 2278 hora
1404 2248 1497 2290 quasi
1526 2248 1715 2279 terciarum.
1746 2244 1953 2290 pontificatus

92 2307 290 2337 sanctissimi
319 2307 350 2337 in
382 2303 513 2338 Christo
543 2308 645 2350 patris
683 2309 713 2338 et
752 2305 875 2338 domini
908 2307 1011 2338 nostri
1050 2304 1172 2337 domini
1200 2304 1326 2338 Urbani
1361 2305 1471 2338 divina
1500 2306 1716 2351 providencia
1746 2316 1830 2350 pape
1868 2307 1955 2338 sexti

93 2375 180 2397 anno
211 2369 344 2398 octavo.
374 2365 584 2410 presentibus
615 2366 781 2409 religiosis
811 2369 890 2399 viris
920 2364 1083 2398 Micliaele
1113 2365 1284 2410 capellano
1313 2365 1435 2399 domini
1465 2365 1592 2399 abbatis
1621 2365 1787 2407 antedicti,
1813 2364 1955 2410 plebano

92 2427 126 2458 in
154 2420 371 2468 0131215533(τ
399 2425 606 2459 Wenceslao
635 2425 776 2472 plebano
808 2427 951 2459 ecclesie
989 2428 1018 2458 in
1048 2425 1162 2458 Horka
1193 2425 1424 2459 Olomucensis
1454 2427 1597 2460 dlocesis
1627 2425 1790 2459 antedicte
1820 2429 1850 2458 et
1884 2425 1955 2458 aliis

93 2484 204 2518 multis
234 2484 371 2519 testibus
401 2488 490 2519 circa
518 2489 681 2531 premissa
711 2486 774 2519 fide
804 2486 911 2530 dignis
940 2489 1070 2518 vocatis
1099 2486 1287 2531 specialiter
1316 2491 1346 2519 et
1376 2489 1515 2531 rogatis.

250 2544 319 2578 Nos
349 2556 480 2591 quoquc
508 2546 680 2580 Johannes
718 2550 749 2580 in
779 2546 957 2579 Lodienicz
988 2542 1233 2589 Olouiucensis.
1269 2550 1461 2580 monasterii
1490 2546 1660 2589 Lucensis.
1695 2551 1725 2579 et
1754 2546 1896 2579 Malliias
1926 2548 1956 2578 in

98 2603 244 2638 Owczar
281 2605 532 2639 Straliowensis
568 2610 759 2640 monasterii
806 2606 960 2651 professi.
1002 2605 1179 2649 pragensis
1217 2606 1359 2640 diocesis
1405 2607 1622 2640 ecclesiarum
1668 2606 1810 2652 plebani.
1858 2617 1957 2639 0031-

95 2667 237 2698 311553111
257 2670 371 2699 sancte
392 2669 596 2700 visitacionis
616 2666 715 2700 officii
737 2669 1013 2700 monasteriorum
1034 2677 1095 2711 per
1116 2666 1269 2700 dioceses
1287 2667 1470 2700 antedictas
1492 2667 1616 2700 ordinis
1640 2666 1958 2700 Preinonstratensis
