2336 3074
1005 206 1077 238 345

991 317 1098 352 336.

206 396 411 464 ullarltqraf
433 419 569 463 Proltop
597 418 668 463 gibt
697 419 771 452 dem
800 418 934 452 Erlmrl
964 431 1025 453 ron
1058 420 1209 455 li'unstat
1237 422 1300 455 (Ias
1331 422 1395 455 Get!
1424 423 1601 467 Napajedl
1628 435 1701 457 z-uni
1731 424 1856 459 Leleen.

705 478 763 512 Dt.
796 479 978 513 szowilz
1010 480 1039 513 1.
1071 481 1230 515 Februar
1267 481 1373 515 1386.

263 564 470 629 Procopius
499 583 552 617 dei
580 586 695 627 gracia
716 583 866 617 marchio
896 583 1061 617 Moravie.
1092 584 1237 629 Dignum
1268 590 1460 630 reputamus
1489 590 1672 632 principum
1703 588 1967 623 munificenciam

107 645 181 687 hiis.
219 647 273 690 qui
302 655 339 678 se
368 643 580 688 diligentibus
609 646 764 677 serviciis
794 648 825 677 et
855 643 1032 677 indefessis
1062 647 1209 690 ipsorum
1239 646 1474 690 conspectibus
1504 647 1738 685 cxliilnierunt.
1777 654 1906 693 gratam
1937 655 1969 683 (·1,

106 705 234 750 largam
264 716 300 739 se
321 704 495 738 exhibere.
525 704 630 737 Vobis
661 707 760 748 igitur
789 704 890 738 nobili
912 704 1066 737 Erhardo
1096 705 1136 738 de
1157 704 1330 748 Cbunstat5
1361 710 1414 751 qui
1443 718 1505 741 vos
1526 707 1621 741 nobis
1652 709 1833 754 illustrique
1853 714 1969 744 nostro

106 766 198 799 fratri
227 765 335 799 lucide
356 776 395 798 ac
423 764 592 798 indefesse
612 767 735 798 vestris
755 767 917 810 promptis
939 764 1137 799 exhibuistis
1165 768 1320 799 serviciis
1341 771 1373 799 et
1401 770 1431 800 in
1454 772 1620 812 posterum
1648 772 1726 802 estis
1747 769 1970 806 exhibiturus.

104 825 201 859 vobis
221 828 411 871 vestrisque
432 824 611 858 heredibus
631 836 734 859 sexus
755 825 928 858 masculini
949 825 1120 858 dumtaxat
1140 826 1295 871 oppidum
1316 831 1466 860 nostrum
1486 827 1659 872 Napagcdl
1681 840 1754 862 cum
1780 833 1969 864 municione

105 887 144 919 ad
174 886 203 919 id
234 890 418 931 spectante.
448 886 551 928 silvis.
582 889 684 929 agris
715 888 830 931 pratis.
861 889 1005 931 pascuis.
1037 885 1182 923 [lumine.
1212 889 1388 931 piscaturis
1409 898 1472 920 nec
1500 899 1566 921 11011
1596 889 1747 923 omnibus
1777 894 1807 922 et
1829 891 1970 934 singulis

105 945 307 988 utilitatibus,
337 945 587 991 quilmscunque
616 945 803 979 nominibus
833 951 1082 990 cognoscantur
1111 950 1143 979 et
1171 949 1260 979 omni
1290 947 1387 992 pleno
1417 959 1456 981 ac
1486 960 1578 981 mern
1600 949 1744 983 (1011111110
1774 953 1805 983 111
1834 950 1967 984 feodum

105 1006 254 1040 dedimus
284 1010 316 1039 et
343 1005 554 1052 presentibus
585 1017 628 1039 ex
656 1010 770 1039 nostra
801 1010 892 1039 certa
921 1009 1066 1040 sciencia
1096 1011 1191 1052 prout
1223 1008 1356 1041 illustris
1385 1008 1554 1053 predictus
1584 1008 1687 1042 frater
1714 1015 1830 1043 noster
1858 1011 1967 1044 vobis.

104 1069 187 1100 sicut
217 1077 260 1099 ex
288 1069 356 1100 suis
386 1066 502 1100 litteris
531 1066 621 1100 clare
650 1071 750 1111 patet.
781 1066 881 1101 dedit.
913 1067 1073 1100 donamus
1102 1072 1264 1113 perpetue
1292 1079 1352 1113 per
1381 1079 1443 1102 vos
1473 1068 1683 1114 heredesque
1712 1075 1845 1103 vestros
1865 1082 1968 1104 sexus

104 1127 288 1161 masculini.
318 1131 354 1160 ut
381 1131 431 1160 est
459 1126 655 1172 predictum.
687 1127 864 1160 tenendum
894 1127 1130 1172 possidendum
1161 1132 1193 1161 et
1221 1128 1444 1162 utifruendum
1475 1140 1533 1163 sen
1563 1134 1593 1162 et
1625 1132 1655 1163 111
1684 1130 1770 1163 1(10111
1799 1132 1853 1174 jus
1878 1142 1969 1165 ven—

104 1187 245 1221 dendum
276 1187 488 1231 obligandum
519 1197 579 1232 pro
615 1186 685 1219 aliis
715 1186 810 1220 bonis
840 1188 1109 1221 commutandum
1148 1199 1210 1221 nec
1248 1199 1314 1222 non
1344 1189 1384 1222 de
1413 1192 1485 1234 ipso
1519 1201 1578 1223 seu
1615 1193 1716 1235 ipsius
1753 1194 1969 1236 pertinenciis

102 1259 163 1293 pro
192 1247 282 1281 libitu
312 1252 366 1281 tue
395 1247 573 1280 voluntatis
603 1247 858 1292 disponendum.
890 1248 936 1281 Ita
968 1248 1053 1293 quod
1084 1259 1146 1282 vos
1168 1252 1338 1294 vestrique
1368 1249 1512 1283 heredes
1542 1250 1594 1283 illa
1624 1253 1780 1285 servicia.
1811 1263 1874 1296 que
1894 1256 1968 1285 sunt

103 1311 135 1341 111
163 1308 323 1353 sepedicti
353 1308 463 1341 fratris
491 1310 596 1341 nostri
625 1307 741 1341 litteris
772 1313 981 1354 expressata.
1018 1309 1106 1342 dicto
1146 1313 1260 1343 nostro
1290 1309 1383 1343 fratri
1407 1321 1446 1343 30
1474 1309 1569 1343 1101115
1608 1322 1681 1344 011111
1714 1338 1849 1345 ......
1881 1312 1966 1356 quod

103 1369 184 1402 deus
213 1373 355 1411 avertat.
385 1371 456 1413 ipse
485 1368 566 1401 deus
596 1368 686 1401 tollet
716 1369 756 1402 de
786 1369 908 1412 medio.
940 1368 1186 1414 heredibusque
1216 1373 1338 1403 nostris
1367 1374 1422 1403 aut
1442 1370 1694 1404 successoribus
1720 1371 1968 1405 marchionibus

101 1428 254 1462 Moravie
283 1429 323 1462 de
352 1429 439 1462 dicto
469 1428 590 1474 oppido
628 1431 798 1474 ipsiusque
834 1432 1049 1474 pertinenciis
1088 1428 1250 1463 debebitis
1279 1429 1454 1464 exhibere.
1511 1430 1630 1464 Datum
1660 1431 1845 1465 Knnowicz
1879 1443 1967 1465 anno

102 1490 224 1523 domini
252 1488 549 1523 MCCGLXXXVI
577 1491 608 1522 in
637 1489 751 1534 vigilia
781 1488 1028 1534 purificacionis
1058 1494 1173 1523 sancte
1201 1489 1309 1523 Marte
1338 1493 1479 1534 virginis
1507 1491 1667 1535 gloriose.

413 1567 637 1602 (Sommersberg
661 1567 763 1601 Script.
787 1577 840 1593 rer.
866 1568 914 1593 Sil.
942 1569 963 1593 Ι.
988 1577 1014 1601 11.
1041 1568 1125 1598 865.)

984 1738 1091 1773 387.

99 1841 224 1877 Jodolc.
254 1841 445 1886 illm-hyras
468 1852 531 1874 ron
552 1840 710 1874 Mithrem
740 1841 793 1874 als
814 1840 1130 1885 Hauptschuldner.
1160 1841 1364 1887 Marquard,
1386 1843 1572 1876 Jaroslaus
1604 1854 1666 1877 ron
1687 1843 1879 1888 δίει-1111019
1900 1848 1965 1878 ele.

101 1902 154 1935 als
172 1901 311 1945 Billyen
332 1901 503 1936 erlfliiren.
526 1902 597 1934 dem
618 1901 730 1934 ,Juden
749 1901 858 1934 Jonas
879 1913 943 1935 ans
963 1901 1205 1945 Jungybmlau
1225 1902 1301 1935 313
1321 1902 1458 1936 Sekoclf
1479 1904 1546 1937 med
1565 1903 1612 1937 22
1635 1903 1769 1947 Pragyer
1790 1904 1965 1938 Groscleen

541 1961 697 2005 sclmldiy
725 1973 766 1994 zu
795 1963 880 1995 sein.
940 1961 998 1996 DI.
1030 1962 1123 2005 Praq
1151 1961 1186 1996 8.
1217 1962 1376 1996 Februar
1408 1962 1518 1997 1386.

254 2037 342 2090 Ros
362 2057 510 2090 Jodocns
541 2057 592 2090 dci
621 2060 735 2100 gracia
757 2056 906 2090 marchio
936 2061 967 2090 et
988 2057 1141 2091 dominus
1160 2057 1314 2092 Moravie
1343 2058 1472 2092 debitor
1496 2058 1698 2104 principalis.
1727 2058 1961 2104 Marquardus.

99 2116 269 2150 Jaroslaus
307 2117 348 2150 de
384 2117 583 2161 Sternberg.
619 2117 790 2150 Johannes
829 2117 870 2150 de
898 2117 1025 2151 Lucow
1060 2121 1091 2150 et
1128 2117 1295 2164 Philippus
1333 2118 1374 2151 de
1412 2118 1624 2163 Swoyanow
1659 2122 1960 2164 compromissores

99 2179 200 2222 ipsius
229 2182 346 2210 tenore
366 2181 576 2223 presencium
598 2188 658 2210 nos
687 2182 717 2210 et
748 2177 891 2211 heredes
911 2182 1045 2211 nostros
1074 2188 1175 2223 super
1204 2181 1313 2212 omnia
1342 2183 1456 2212 nostra
1485 2178 1571 2212 bona
1593 2178 1724 2211 mobilia
1754 2183 1784 2211 et
1815 2178 1960 2212 imobilia

97 2241 373 2281 recognoscimus
402 2249 515 2271 coram
545 2240 724 2271 universis.
755 2240 786 2271 in
817 2240 976 2271 trecentis
1005 2242 1037 2270 01
1065 2238 1228 2271 tredecim
1257 2242 1439 2283 sexagenis
1468 2243 1497 2272 et
1528 2241 1646 2283 viginti
1675 2238 1803 2272 duobus
1831 2241 1963 2283 grossis

97 2296 259 2331 honorum
289 2309 483 2341 grossorum
513 2301 726 2343 pragensium
758 2298 974 2331 denarionem
1004 2300 1077 2331 veri
1106 2309 1205 2331 causa
1236 2299 1336 2332 debiti
1364 2302 1426 2332 rite
1455 2298 1596 2343 obligari
1625 2299 1710 2332 Jone
1745 2299 1784 2332 de
1813 2299 1961 2332 ,11110111-

99 2357 293 2400 boleslavia,
322 2361 420 2391 uxori
449 2361 550 2403 ipsius
580 2357 825 2403 heredibusque
864 2368 979 2391 eorum
1018 2369 1078 2403 pro
1116 2363 1192 2392 tunc
1230 2359 1334 2392 iudeis
1369 2359 1589 2404 pragensibus
1626 2364 1657 2392 et
1695 2362 1749 2404 qui
1786 2365 1960 2405 presentes

98 2429 171 2451 cum
201 2428 316 2451 eorum
346 2417 433 2452 bona
462 2418 615 2452 habuerit
643 2419 825 2452 voluntate.
855 2421 986 2452 sincera
1024 2417 1086 2451 lide
1124 2421 1155 2451 in
1185 2418 1337 2462 solidum.
1376 2430 1439 2451 una
1470 2430 1567 2452 manu
1597 2419 1749 2461 indivisa,
1779 2422 1850 2453 sine
1885 2420 1960 2453 dolo

97 2480 175 2522 ipsis
203 2481 434 2523 promittimus.
464 2479 584 2512 dictam
604 2482 779 2524 pecuniam
811 2481 970 2524 promptis
1000 2478 1197 2523 persolvere
1225 2481 1258 2512 in
1286 2481 1415 2522 grossis
1444 2490 1545 2524 super
1573 2478 1658 2512 festo
1679 2479 1765 2512 beati
1785 2479 1959 2513 Michaelis

97 2540 250 2583 proxime
279 2542 434 2581 venturo.
463 2539 538 2572 inde
566 2550 627 2584 per
655 2550 754 2572 unum
784 2549 940 2582 grossum
970 2538 1109 2582 singulis
1138 2542 1330 2584 septimanis
1360 2539 1536 2584 quamlibet
1566 2551 1665 2585 5111113
1685 2551 1892 2584 sexagenam
1921 2540 1961 2573 de

96 2597 254 2643 predictis
283 2602 431 2631 nostrum
460 2601 491 2631 111
521 2598 697 2644 (13111111111111
728 2603 859 2632 crescet
889 2610 1001 2633 usura.
1040 2599 1195 2643 quamdiu
1232 2610 1372 2644 presens
1409 2599 1517 2632 littera
1546 2602 1578 2632 in
1606 2603 1753 2645 ipsorum
1787 2600 1958 2633 iudeorum

98 2658 267 2692 duraverit
295 2662 470 2702 potestate.
502 2657 582 2691 Cum
613 2663 721 2692 autem
752 2658 827 2692 dicti
859 2658 944 2691 iudei
966 2658 1077 2691 habito
1106 2661 1212 2703 primo
1242 2662 1383 2692 termino
1413 2663 1563 2704 tempore
1588 2671 1786 2705 quocunque
1807 2659 1958 2693 omnibus

1753 2726 1785 2751 44
