2336 3074
998 208 1069 241 119

102 310 206 345 Crists
233 310 354 355 geburt
384 311 678 358 dreyzenhundcrt
701 313 757 356 jar
785 311 932 345 darnach
961 314 993 344 in
1023 311 1097 344 dem
1128 311 1511 359 achtundsibcnzigisteu
1534 316 1609 359 jare
1638 326 1680 349 an
1710 315 1769 349 der
1806 315 1964 361 heyligcn

101 371 175 417 eylf
199 376 307 406 tusent
337 372 458 418 meyde
488 377 576 417 tage,
606 383 726 406 unsrcr
754 372 869 405 reiche
899 375 930 405 in
969 372 1044 405 dem
1074 372 1450 418 dreyunddreissigsten
1488 375 1552 409 und
1592 375 1650 409 des
1689 375 1903 421 keysertums
1934 379 1964 409 in

101 432 175 466 dem
205 433 592 478 vyerundzwenzigsten
617 434 727 476 jaren.

412 511 487 545 (Auf
508 511 556 536 der
580 511 723 536 Plu-atur:
753 511 795 536 De
820 510 954 535 mandato
980 511 1086 536 domini
1111 512 1289 546 imperatoris
1315 512 1450 537 Nicotaus
1476 513 1615 541 Camcric,
1640 515 1811 548 prepositus.
1850 531 1891 533 -—
1933 515 1978 540 111,

515 563 615 588 dorso:
640 563 673 587 R.
697 562 868 588 Wilhelmus
893 562 1100 596 Kortelangen-
1124 579 1164 582 —
1190 563 1268 597 Orig.
1295 564 1375 597 Perg.
1401 564 1450 589 mit
1475 565 1526 589 auf
1548 566 1628 599 Perg.
1654 566 1777 592 Stroifen
1805 567 1831 591 11.
1856 567 1914 600 Sig.
1929 567 1965 592 im

516 614 604 642 malir.
630 613 886 647 Landesarchive.)

985 759 1003 794 Ι
1013 759 1088 794 29.

145 862 269 905 Jodohr,
298 862 490 907 illarleyraf
513 873 575 896 ron
607 863 763 902 Malzren,
794 862 991 907 besliittiye!
1019 864 1080 896 der
1109 862 1213 896 Stadt
1245 862 1376 896 Olmittz,
1405 863 1474 897 alle
1499 864 1664 908 frillzereu
1697 864 1912 908 l'm'rileffl'eu.

706 923 763 956 Dt.
799 923 931 957 Olmntz
958 922 993 957 8.
1024 923 1219 957 November
1250 923 1360 958 1378.

260 997 305 1051 111
342 1021 475 1052 nomine
512 1019 634 1052 domini
672 1019 794 1052 Amen.
839 1018 986 1053 Jodocus
1017 1018 1069 1052 dei
1097 1022 1212 1063 gracia
1243 1019 1391 1053 marchio
1421 1024 1453 1053 et
1482 1020 1634 1054 dominus
1670 1021 1834 1055 Moravie.
1883 1021 1964 1055 Cum

103 1081 271 1113 universis
301 1079 438 1113 subditis
467 1083 499 1112 et
528 1078 677 1112 fidelibus
706 1081 828 1112 nostris
857 1081 988 1123 signum
1016 1078 1169 1112 munifice
1198 1079 1403 1114 liberalitatis
1433 1081 1532 1125 digne
1554 1080 1753 1114 arbitramur
1773 1082 1964 1118 ostenden:

103 1143 249 1173 maxime
288 1139 361 1183 hiis7
406 1143 437 1173 in
476 1139 592 1184 quibus
631 1138 819 1173 fidelitatem
859 1144 958 1184 atque
996 1142 1222 1173 constanciam
1260 1140 1489 1185 probavimus
1529 1142 1759 1176 exaudicionis
1798 1145 1966 1187 aperiatur

103 1203 199 1233 ianua
230 1204 262 1233 et
290 1203 357 1234 suis
386 1199 644 1234 racionabilibus
674 1200 848 1233 desideriis
878 1211 1063 1234 consensus
1093 1200 1199 1234 facilis
1229 1200 1419 1245 prebeatur.
1452 1201 1569 1235 Oblata
1600 1203 1761 1247 siquidem
1790 1202 1884 1236 uobis
1906 1214 1965 1248 pro

102 1265 196 1306 parte
219 1288 224 1294 .
248 1287 255 1294 .
272 1260 394 1304 judicis
417 1290 422 1296 .
446 1288 452 1294 .
474 1263 749 1305 magistricivium
780 1264 811 1293 et
833 1288 840 1294 .
865 1288 870 1294 .
893 1260 1105 1294 scabinorum
1142 1264 1285 1295 civitatis
1323 1262 1556 1297 Olomucensis
1593 1261 1734 1296 fidelium
1775 1268 1964 1297 nostrorum

103 1321 297 1354 dilectorum
335 1321 476 1367 supplex
510 1324 631 1366 peticio
669 1321 871 1359 continebatq
908 1325 941 1354 ut
977 1321 1166 1366 privilegia„
1202 1321 1340 1358 litteras
1380 1322 1562 1361 libertatesq
1595 1324 1683 1366 jura‚
1720 1327 1963 1357 etumunitates.

103 1381 238 1424 indulta,
268 1381 527 1415 consuetudines
556 1384 635 1427 ipsis
665 1386 696 1415 et
725 1384 850 1415 civitati
878 1381 1092 1415 Olomucensi
1119 1382 1268 1426 predicte
1295 1393 1457 1416 concessa
1488 1388 1520 1416 et
1547 1394 1740 1419 concessas„
1770 1389 1903 1417 servata
1934 1389 1964 1416 et

103 1446 268 1480 servata&
298 1444 474 1484 innovare,
505 1440 684 1485 ratificarQ
715 1441 915 1487 approbare„
952 1446 983 1475 et
1021 1441 1221 1475 confirmare
1255 1446 1443 1487 graciosius
1482 1444 1710 1488 dignaremur.
1758 1444 1828 1478 Nos
1866 1447 1966 1489 igitur

103 1501 285 1535 eorundem
309 1529 314 1535 .
339 1529 345 1535 .
366 1502 485 1545 judicis
507 1529 513 1535 .
537 1530 543 1536 .
566 1505 841 1545 magistricivium
863 1506 895 1535 et
916 1529 922 1535 .
946 1529 952 1535 .
975 1501 1186 1535 scabinorum
1213 1502 1368 1548 precibus
1397 1503 1496 1537 velud
1526 1506 1618 1537 iustis
1648 1509 1679 1537 et
1708 1504 1965 1538 racionabilibus

104 1561 333 1595 favorabiliter
372 1562 517 1595 inclinati
551 1565 708 1596 universa
748 1566 779 1594 et
817 1562 946 1606 singula
984 1562 1173 1607 privilegia,
1210 1562 1335 1606 literas,
1380 1563 1561 1607 libertate&
1593 1566 1682 1608 Jura.
1720 1567 1963 1607 emmunitates5

102 1622 224 1655 indulta
255 1633 315 1667 per
343 1622 449 1655 felicis
478 1622 728 1655 recordacionis
758 1633 859 1666 reges
889 1621 1026 1655 Boemie
1056 1627 1088 1655 et
1118 1622 1329 1656 marchiones
1358 1623 1511 1657 Mol-avie
1540 1624 1802 1669 predecessores
1831 1629 1965 1658 nostros

103 1681 232 1728 prefate
269 1685 394 1716 civitati
433 1693 613 1716 concessas
652 1686 683 1715 et.
718 1682 822 1725 datas,
861 1693 992 1715 necnon
1022 1682 1222 1728 approbatas
1252 1687 1350 1728 atque
1379 1683 1560 1718 laudabiles
1590 1685 1848 1718 consuetudines
1878 1684 1965 1730 apud

104 1742 243 1775 eandem
273 1745 442 1775 civitatem
480 1742 738 1775 Olomucensem
775 1741 936 1775 hactenus
973 1741 1170 1776 observatas
1199 1746 1231 1776 in
1262 1747 1329 1777 toto
1360 1748 1391 1776 et
1420 1747 1451 1777 iu
1481 1749 1574 1789 parte
1604 1747 1653 1777 sui
1683 1744 1828 1789 qualibet
1856 1744 1965 1778 ratifi-

103 1812 229 1837 camus.
259 1804 469 1836 innovamus.
500 1802 722 1848 approbamus
752 1805 784 1835 ct
813 1806 978 1848 presentis
1007 1805 1120 1848 scripti
1149 1806 1333 1848 patrocinio
1363 1803 1609 1838 confirmamus.
1650 1806 1762 1846 Quare
1798 1808 1965 1839 universis

104 1866 137 1896 et
175 1862 314 1907 singulis
352 1862 544 1905 baronibus„
584 1862 759 1899 nobilibus
798 1863 1005 1908 proceribus.
1045 1862 1212 1907 militibus,
1250 1863 1424 1898 clientibus
1462 1869 1494 1897 et
1532 1864 1603 1898 aliis
1641 1868 1762 1899 uostris
1802 1864 1963 1907 fidelihusff

104 1921 354 1967 quibuscunque
397 1927 560 1956 vocentur
597 1922 795 1959 nominibus.
845 1926 1070 1968 cuiuscunque
1113 1926 1220 1967 etatis„
1273 1924 1440 1968 dignitatis
1478 1925 1533 1958 vel
1573 1925 1778 1959 condicionis
1821 1929 1966 1959 existant

104 1982 315 2028 presentibus
346 1987 377 2016 et
406 1983 523 2017 futuris
552 1986 755 2029 precipimus
784 1983 923 2017 firmiter
952 1988 983 2017 et
1012 1984 1171 2027 districte,
1201 1989 1363 2029 quatenus
1393 1987 1561 2018 civitatem
1592 1985 1849 2019 Olomucenscm
1879 1997 1965 2031 pre—

104 2043 224 2076 dictam
263 2048 293 2077 et
334 2046 404 2077 eius
442 2044 567 2077 incolas
606 2047 636 2077 in
673 2044 871 2089 privilegiis,
902 2044 1029 2083 litteris„
1059 2043 1277 2083 libertatibus„
1302 2045 1445 2089 juribus,
1475 2045 1743 2079 eminunitatilms
1773 2050 1805 2079 et
1834 2046 1965 2079 indultis

104 2106 294 2148 ceterisque
332 2103 505 2137 antedictis
541 2104 835 2138 consuetudiniluis
874 2103 1091 2138 laudabilibus
1126 2104 1230 2138 libere
1266 2105 1330 2138 srui
1359 2110 1390 2139 et
1419 2105 1557 2151 pacifice
1592 2106 1741 2150 gaudere
1776 2109 1963 2151 permittant

104 2168 137 2197 et
165 2174 224 2197 eos
253 2168 368 2197 contra
398 2163 462 2197 1100
490 2167 522 2198 in
550 2165 639 2198 nullo
668 2176 805 2210 prorsus
836 2164 1026 2209 impediant,
1065 2165 1119 2198 vel
1153 2168 1367 2199 consenciant
1396 2177 1457 2211 per
1485 2169 1671 2211 quempiam
1706 2166 1868 2211 impediri„
1907 2166 1965 2199 sed

104 2226 137 2257 in
166 2223 291 2257 eisdem
320 2226 411 2269 ipsos
440 2229 676 2258 manuteneant
706 2224 886 2258 efficaciter
915 2229 947 2257 et
977 2224 1167 2258 defendant.
1203 2224 1290 2258 Nulli
1320 2237 1403 2269 ergo
1432 2225 1601 2259 hominum
1626 2226 1723 2259 liceat
1745 2225 1831 2259 hanc
1851 2231 1965 2260 nostre

104 2282 351 2327 ratificacionis,
380 2287 624 2328 inuovacionis7
653 2284 910 2331 approbacionis
940 2288 972 2317 et
1001 2284 1269 2319 confirmacionis
1296 2289 1451 2330 paginam
1479 2285 1676 2330 infringere.
1702 2290 1757 2319 aut
1786 2289 1815 2319 ei
1846 2289 1966 2331 quovis

104 2354 187 2377 ausu
216 2347 396 2377 temerario
425 2348 593 2379 contraire
622 2345 682 2378 sub
711 2356 796 2391 pena
825 2345 1069 2389 indignacionis
1102 2349 1217 2378 nostre
1253 2348 1467 2389 gravissime,
1496 2357 1594 2390 quam
1624 2348 1677 2390 qui
1706 2357 1804 2380 secus
1834 2346 1965 2389 fecerit,

105 2406 210 2437 tocies
248 2406 384 2448 quocies
423 2404 664 2438 contrafactum
702 2404 812 2448 fuerit‚
856 2416 893 2438 se
930 2407 1061 2438 noverit
1100 2404 1372 2438 irremissibiliter
1409 2408 1601 2439 incurrisse.
1649 2405 1863 2439 Presencium
1905 2405 1966 2439 sub

105 2475 254 2509 appenso
283 2469 399 2498 nostro
428 2467 545 2499 maiori
574 2465 683 2510 sigillo
713 2467 902 2499 testimonio
931 2465 1126 2498 litterarum.
1161 2465 1280 2498 Datum
1311 2464 1494 2498 Olomuncz
1523 2476 1610 2499 auno
1640 2465 1763 2499 domini
1792 2466 1965 2499 millesimo

106 2527 344 2558 trecentesimo
374 2529 623 2570 septuagesimo
653 2529 774 2560 octavo
805 2525 888 2559 feria
918 2525 1063 2559 secunda
1092 2527 1244 2570 proxima
1275 2529 1351 2558 ante
1380 2525 1466 2558 diem
1495 2527 1600 2558 sancti
1628 2524 1772 2559 Martini.

417 2602 491 2638 (Auf
519 2603 568 2629 der
600 2603 741 2629 Plicatur:
774 2603 819 2628 Ad
851 2603 1014 2628 mandatum
1047 2602 1152 2627 domini
1183 2602 1354 2627 marchionis
1386 2602 1522 2628 Nicolaus
1550 2602 1792 2636 prothonotarius.
1820 2618 1856 2622 —
1883 2603 1962 2637 Orig.

522 2655 604 2689 Perg.
629 2655 658 2682 h.
682 2655 852 2689 Reitersigel
877 2655 913 2680 im
939 2654 1085 2680 Olim'itzer
1108 2653 1332 2688 Stadtarchive.)
