<?xml version="1.0" encoding="UTF-8"?>
<!DOCTYPE html PUBLIC "-//W3C//DTD XHTML 1.0 Transitional//EN"
    "http://www.w3.org/TR/xhtml1/DTD/xhtml1-transitional.dtd">
<html xmlns="http://www.w3.org/1999/xhtml" xml:lang="en" lang="en">
 <head>
  <title>
</title>
<meta http-equiv="Content-Type" content="text/html;charset=utf-8" />
  <meta name='ocr-system' content='tesseract 3.04.00' />
  <meta name='ocr-capabilities' content='ocr_page ocr_carea ocr_par ocr_line ocrx_word'/>
</head>
<body>
  <div class='ocr_page' id='page_1' title='image "./codexdiplomaticu11morauoft_0381.png"; bbox 0 0 2336 3074; ppageno 0'>
   <div class='ocr_carea' id='block_1_1' title="bbox 989 186 1062 220">
    <p class='ocr_par' dir='ltr' id='par_1_1' title="bbox 952 186 1125 241">
     <span class='ocr_line' id='line_1_1' title="bbox 989 186 1062 220; baseline -0.006 20.786"><span class='ocrx_word' id='word_1_1' title='bbox 989 186 1062 220; x_wconf 79' lang='lat'>357</span> 
     </span>
    </p>
   </div>
   <div class='ocr_carea' id='block_1_2' title="bbox 90 289 1960 2692">
    <p class='ocr_par' dir='ltr' id='par_1_2' title="bbox 90 289 1960 2692">
     <span class='ocr_line' id='line_1_2' title="bbox 97 289 1958 337; baseline -0.002 -12"><span class='ocrx_word' id='word_1_2' title='bbox 97 296 195 336; x_wconf 85' lang='lat' dir='ltr'>atque</span> <span class='ocrx_word' id='word_1_3' title='bbox 225 292 377 337; x_wconf 70' lang='grc'>(1311111113.</span> <span class='ocrx_word' id='word_1_4' title='bbox 408 303 471 337; x_wconf 85' lang='lat' dir='ltr'>que</span> <span class='ocrx_word' id='word_1_5' title='bbox 500 303 518 324; x_wconf 91' lang='lat' dir='ltr'>a</span> <span class='ocrx_word' id='word_1_6' title='bbox 545 295 695 336; x_wconf 86' lang='lat' dir='ltr'>tempore</span> <span class='ocrx_word' id='word_1_7' title='bbox 724 294 810 325; x_wconf 89' lang='lat' dir='ltr'>inicii</span> <span class='ocrx_word' id='word_1_8' title='bbox 838 303 977 335; x_wconf 71' lang='lat' dir='ltr'>gwerre</span> <span class='ocrx_word' id='word_1_9' title='bbox 997 293 1161 337; x_wconf 88' lang='lat' dir='ltr'>presentis</span> <span class='ocrx_word' id='word_1_10' title='bbox 1190 293 1221 324; x_wconf 92' lang='lat' dir='ltr'>in</span> <span class='ocrx_word' id='word_1_11' title='bbox 1243 302 1349 335; x_wconf 71' lang='lat' dir='ltr'>regno</span> <span class='ocrx_word' id='word_1_12' title='bbox 1370 291 1519 335; x_wconf 83' lang='lat' dir='ltr'>Ungarie</span> <span class='ocrx_word' id='word_1_13' title='bbox 1549 291 1634 324; x_wconf 81' lang='lat' dir='ltr'>sacta</span> <span class='ocrx_word' id='word_1_14' title='bbox 1656 295 1685 324; x_wconf 89' lang='lat' dir='ltr'>et</span> <span class='ocrx_word' id='word_1_15' title='bbox 1712 289 1958 335; x_wconf 84' lang='lat' dir='ltr'>quomodolibet</span> 
     </span>
     <span class='ocr_line' id='line_1_3' title="bbox 100 350 1960 397; baseline -0.002 -12"><span class='ocrx_word' id='word_1_16' title='bbox 100 356 290 397; x_wconf 88' lang='lat' dir='ltr'>perpetrata</span> <span class='ocrx_word' id='word_1_17' title='bbox 319 356 392 386; x_wconf 88' lang='lat' dir='ltr'>sunt</span> <span class='ocrx_word' id='word_1_18' title='bbox 421 351 462 385; x_wconf 87' lang='lat' dir='ltr'>ab</span> <span class='ocrx_word' id='word_1_19' title='bbox 491 355 630 396; x_wconf 90' lang='lat' dir='ltr'>utraque</span> <span class='ocrx_word' id='word_1_20' title='bbox 659 356 768 397; x_wconf 60' lang='lat' dir='ltr'>parte.</span> <span class='ocrx_word' id='word_1_21' title='bbox 799 354 937 385; x_wconf 88' lang='lat' dir='ltr'>remissa</span> <span class='ocrx_word' id='word_1_22' title='bbox 965 354 1072 397; x_wconf 88' lang='lat' dir='ltr'>sopita</span> <span class='ocrx_word' id='word_1_23' title='bbox 1101 356 1131 384; x_wconf 87' lang='lat' dir='ltr'>et</span> <span class='ocrx_word' id='word_1_24' title='bbox 1160 351 1309 384; x_wconf 82' lang='lat' dir='ltr'>relaxata</span> <span class='ocrx_word' id='word_1_25' title='bbox 1340 351 1482 384; x_wconf 90' lang='lat' dir='ltr'>totaliter</span> <span class='ocrx_word' id='word_1_26' title='bbox 1510 362 1585 385; x_wconf 88' lang='lat' dir='ltr'>esse</span> <span class='ocrx_word' id='word_1_27' title='bbox 1606 350 1738 385; x_wconf 88' lang='lat' dir='ltr'>debent.</span> <span class='ocrx_word' id='word_1_28' title='bbox 1768 351 1849 384; x_wconf 82' lang='lat' dir='ltr'><strong>Item</strong></span> <span class='ocrx_word' id='word_1_29' title='bbox 1875 351 1960 384; x_wconf 87' lang='lat' dir='ltr'>dicta</span> 
     </span>
     <span class='ocr_line' id='line_1_4' title="bbox 98 410 1958 458; baseline -0.001 -13"><span class='ocrx_word' id='word_1_30' title='bbox 98 413 228 446; x_wconf 89' lang='lat' dir='ltr'>domina</span> <span class='ocrx_word' id='word_1_31' title='bbox 258 411 429 446; x_wconf 88' lang='lat' dir='ltr'>Elizabeth</span> <span class='ocrx_word' id='word_1_32' title='bbox 459 415 576 456; x_wconf 83' lang='lat' dir='ltr'>regina</span> <span class='ocrx_word' id='word_1_33' title='bbox 605 423 804 458; x_wconf 85' lang='lat' dir='ltr'>permanere</span> <span class='ocrx_word' id='word_1_34' title='bbox 834 411 932 445; x_wconf 86' lang='lat' dir='ltr'>debet</span> <span class='ocrx_word' id='word_1_35' title='bbox 961 415 991 446; x_wconf 93' lang='lat' dir='ltr'>in</span> <span class='ocrx_word' id='word_1_36' title='bbox 1021 412 1109 453; x_wconf 76' lang='lat' dir='ltr'>dote.</span> <span class='ocrx_word' id='word_1_37' title='bbox 1139 411 1334 445; x_wconf 87' lang='lat' dir='ltr'>concambio</span> <span class='ocrx_word' id='word_1_38' title='bbox 1364 416 1396 444; x_wconf 54' lang='lat' dir='ltr'>et,</span> <span class='ocrx_word' id='word_1_39' title='bbox 1424 412 1494 445; x_wconf 87' lang='lat' dir='ltr'>aliis</span> <span class='ocrx_word' id='word_1_40' title='bbox 1525 411 1742 457; x_wconf 76' lang='lat' dir='ltr'>proventibus</span> <span class='ocrx_word' id='word_1_41' title='bbox 1772 416 1802 444; x_wconf 90' lang='lat' dir='ltr'>et</span> <span class='ocrx_word' id='word_1_42' title='bbox 1828 410 1958 455; x_wconf 84' lang='lat' dir='ltr'>jurilms</span> 
     </span>
     <span class='ocr_line' id='line_1_5' title="bbox 96 472 1958 518; baseline -0.001 -11"><span class='ocrx_word' id='word_1_43' title='bbox 96 475 164 507; x_wconf 88' lang='lat' dir='ltr'>suis</span> <span class='ocrx_word' id='word_1_44' title='bbox 194 472 319 517; x_wconf 81' lang='lat' dir='ltr'>absque</span> <span class='ocrx_word' id='word_1_45' title='bbox 347 472 595 518; x_wconf 74' lang='lat' dir='ltr'>impedimento,</span> <span class='ocrx_word' id='word_1_46' title='bbox 624 477 721 518; x_wconf 88' lang='lat' dir='ltr'>prout</span> <span class='ocrx_word' id='word_1_47' title='bbox 750 475 780 505; x_wconf 93' lang='lat' dir='ltr'>iu</span> <span class='ocrx_word' id='word_1_48' title='bbox 810 472 881 506; x_wconf 88' lang='lat' dir='ltr'>aliis</span> <span class='ocrx_word' id='word_1_49' title='bbox 910 477 1023 506; x_wconf 91' lang='lat' dir='ltr'>nostre</span> <span class='ocrx_word' id='word_1_50' title='bbox 1052 474 1363 517; x_wconf 86' lang='lat' dir='ltr'>pronuncciacionis</span> <span class='ocrx_word' id='word_1_51' title='bbox 1392 472 1495 505; x_wconf 88' lang='lat' dir='ltr'>literis</span> <span class='ocrx_word' id='word_1_52' title='bbox 1533 472 1636 505; x_wconf 88' lang='lat' dir='ltr'>lacius</span> <span class='ocrx_word' id='word_1_53' title='bbox 1665 477 1716 506; x_wconf 84' lang='lat' dir='ltr'>est</span> <span class='ocrx_word' id='word_1_54' title='bbox 1749 483 1958 518; x_wconf 80' lang='lat' dir='ltr'>expressum.</span> 
     </span>
     <span class='ocr_line' id='line_1_6' title="bbox 94 531 1956 578; baseline 0 -13"><span class='ocrx_word' id='word_1_55' title='bbox 94 532 176 566; x_wconf 83' lang='lat' dir='ltr'>Item</span> <span class='ocrx_word' id='word_1_56' title='bbox 204 543 264 578; x_wconf 89' lang='lat' dir='ltr'>pro</span> <span class='ocrx_word' id='word_1_57' title='bbox 293 536 541 567; x_wconf 84' lang='lat' dir='ltr'>sustentacione</span> <span class='ocrx_word' id='word_1_58' title='bbox 570 537 673 566; x_wconf 90' lang='lat' dir='ltr'>status</span> <span class='ocrx_word' id='word_1_59' title='bbox 703 532 778 565; x_wconf 90' lang='lat' dir='ltr'>dicti</span> <span class='ocrx_word' id='word_1_60' title='bbox 809 532 918 566; x_wconf 91' lang='lat' dir='ltr'>sratris</span> <span class='ocrx_word' id='word_1_61' title='bbox 947 535 1052 566; x_wconf 78' lang='lat' dir='ltr'>nostri</span> <span class='ocrx_word' id='word_1_62' title='bbox 1081 531 1284 577; x_wconf 77' lang='lat' dir='ltr'>Sigismundi</span> <span class='ocrx_word' id='word_1_63' title='bbox 1320 532 1458 565; x_wconf 81' lang='lat' dir='ltr'>dicimus</span> <span class='ocrx_word' id='word_1_64' title='bbox 1487 535 1766 577; x_wconf 90' lang='lat' dir='ltr'>prouuncciamus</span> <span class='ocrx_word' id='word_1_65' title='bbox 1804 537 1834 565; x_wconf 91' lang='lat' dir='ltr'>et</span> <span class='ocrx_word' id='word_1_66' title='bbox 1864 531 1956 565; x_wconf 86' lang='lat' dir='ltr'>diffi-</span> 
     </span>
     <span class='ocr_line' id='line_1_7' title="bbox 95 592 1960 638; baseline -0.001 -11"><span class='ocrx_word' id='word_1_67' title='bbox 95 596 214 628; x_wconf 82' lang='lat' dir='ltr'>nimus.</span> <span class='ocrx_word' id='word_1_68' title='bbox 244 593 330 638; x_wconf 83' lang='lat' dir='ltr'>quod</span> <span class='ocrx_word' id='word_1_69' title='bbox 351 604 412 638; x_wconf 90' lang='lat' dir='ltr'>per</span> <span class='ocrx_word' id='word_1_70' title='bbox 431 592 534 626; x_wconf 89' lang='lat' dir='ltr'>dictas</span> <span class='ocrx_word' id='word_1_71' title='bbox 563 604 699 626; x_wconf 91' lang='lat' dir='ltr'>sorores</span> <span class='ocrx_word' id='word_1_72' title='bbox 720 597 850 626; x_wconf 86' lang='lat' dir='ltr'>nostras</span> <span class='ocrx_word' id='word_1_73' title='bbox 881 593 1030 627; x_wconf 91' lang='lat' dir='ltr'>dominas</span> <span class='ocrx_word' id='word_1_74' title='bbox 1050 595 1185 637; x_wconf 81' lang='lat' dir='ltr'>reginas</span> <span class='ocrx_word' id='word_1_75' title='bbox 1206 592 1355 637; x_wconf 81' lang='lat' dir='ltr'>Ungarie</span> <span class='ocrx_word' id='word_1_76' title='bbox 1386 593 1455 625; x_wconf 92' lang='lat' dir='ltr'>dari</span> <span class='ocrx_word' id='word_1_77' title='bbox 1485 597 1517 625; x_wconf 89' lang='lat' dir='ltr'>et</span> <span class='ocrx_word' id='word_1_78' title='bbox 1546 595 1711 637; x_wconf 79' lang='lat' dir='ltr'>assignari</span> <span class='ocrx_word' id='word_1_79' title='bbox 1732 593 1838 626; x_wconf 89' lang='lat' dir='ltr'>eidem</span> <span class='ocrx_word' id='word_1_80' title='bbox 1865 593 1960 626; x_wconf 84' lang='lat' dir='ltr'>fratri</span> 
     </span>
     <span class='ocr_line' id='line_1_8' title="bbox 93 652 1960 698; baseline -0.001 -11"><span class='ocrx_word' id='word_1_81' title='bbox 93 657 208 688; x_wconf 90' lang='lat' dir='ltr'>nostro</span> <span class='ocrx_word' id='word_1_82' title='bbox 239 652 337 686; x_wconf 88' lang='lat' dir='ltr'>debet</span> <span class='ocrx_word' id='word_1_83' title='bbox 365 653 498 686; x_wconf 83' lang='lat' dir='ltr'>indilate</span> <span class='ocrx_word' id='word_1_84' title='bbox 527 656 702 686; x_wconf 77' lang='lat' dir='ltr'>comitatus</span> <span class='ocrx_word' id='word_1_85' title='bbox 731 652 1024 697; x_wconf 78' lang='lat' dir='ltr'>Eiseinburgensis</span> <span class='ocrx_word' id='word_1_86' title='bbox 1053 658 1086 686; x_wconf 86' lang='lat' dir='ltr'>et</span> <span class='ocrx_word' id='word_1_87' title='bbox 1115 657 1258 686; x_wconf 77' lang='lat' dir='ltr'>castrum</span> <span class='ocrx_word' id='word_1_88' title='bbox 1289 652 1441 686; x_wconf 83' lang='lat' dir='ltr'>Trencze</span> <span class='ocrx_word' id='word_1_89' title='bbox 1471 664 1543 686; x_wconf 88' lang='grc'>011111</span> <span class='ocrx_word' id='word_1_90' title='bbox 1569 653 1699 697; x_wconf 85' lang='lat' dir='ltr'>juribus</span> <span class='ocrx_word' id='word_1_91' title='bbox 1730 653 1898 698; x_wconf 74' lang='lat' dir='ltr'>regalibus</span> <span class='ocrx_word' id='word_1_92' title='bbox 1928 658 1960 686; x_wconf 85' lang='lat' dir='ltr'>et</span> 
     </span>
     <span class='ocr_line' id='line_1_9' title="bbox 93 712 1956 759; baseline 0 -13"><span class='ocrx_word' id='word_1_93' title='bbox 93 714 166 747; x_wconf 89' lang='lat' dir='ltr'>aliis</span> <span class='ocrx_word' id='word_1_94' title='bbox 195 716 263 748; x_wconf 90' lang='lat' dir='ltr'>suis</span> <span class='ocrx_word' id='word_1_95' title='bbox 288 713 419 757; x_wconf 91' lang='lat' dir='ltr'>juribus</span> <span class='ocrx_word' id='word_1_96' title='bbox 449 717 480 746; x_wconf 87' lang='lat' dir='ltr'>et</span> <span class='ocrx_word' id='word_1_97' title='bbox 509 715 723 758; x_wconf 75' lang='lat' dir='ltr'>pertinenciis</span> <span class='ocrx_word' id='word_1_98' title='bbox 744 716 921 747; x_wconf 82' lang='lat' dir='ltr'>universis.</span> <span class='ocrx_word' id='word_1_99' title='bbox 952 713 993 746; x_wconf 90' lang='lat' dir='ltr'>Et</span> <span class='ocrx_word' id='word_1_100' title='bbox 1022 716 1157 759; x_wconf 82' lang='lat' dir='ltr'>insuper</span> <span class='ocrx_word' id='word_1_101' title='bbox 1185 713 1293 746; x_wconf 86' lang='lat' dir='ltr'>eidem</span> <span class='ocrx_word' id='word_1_102' title='bbox 1315 713 1385 746; x_wconf 88' lang='lat' dir='ltr'>dari</span> <span class='ocrx_word' id='word_1_103' title='bbox 1415 712 1513 746; x_wconf 87' lang='lat' dir='ltr'>debet</span> <span class='ocrx_word' id='word_1_104' title='bbox 1542 718 1572 746; x_wconf 92' lang='lat' dir='ltr'>et</span> <span class='ocrx_word' id='word_1_105' title='bbox 1604 716 1635 746; x_wconf 92' lang='lat' dir='ltr'>in</span> <span class='ocrx_word' id='word_1_106' title='bbox 1660 716 1730 747; x_wconf 89' lang='lat' dir='ltr'>eius</span> <span class='ocrx_word' id='word_1_107' title='bbox 1759 718 1956 759; x_wconf 87' lang='lat' dir='ltr'>potestatem</span> 
     </span>
     <span class='ocr_line' id='line_1_10' title="bbox 95 773 1955 819; baseline -0.001 -11"><span class='ocrx_word' id='word_1_108' title='bbox 95 775 229 808; x_wconf 78' lang='lat' dir='ltr'>realiter</span> <span class='ocrx_word' id='word_1_109' title='bbox 266 777 431 819; x_wconf 80' lang='lat' dir='ltr'>assignari</span> <span class='ocrx_word' id='word_1_110' title='bbox 466 776 537 807; x_wconf 85' lang='lat' dir='ltr'>sine</span> <span class='ocrx_word' id='word_1_111' title='bbox 573 773 736 807; x_wconf 89' lang='lat' dir='ltr'>dilacione</span> <span class='ocrx_word' id='word_1_112' title='bbox 772 777 803 807; x_wconf 93' lang='lat' dir='ltr'>in</span> <span class='ocrx_word' id='word_1_113' title='bbox 839 777 957 808; x_wconf 81' lang='lat' dir='ltr'>vicinis</span> <span class='ocrx_word' id='word_1_114' title='bbox 993 778 1023 807; x_wconf 90' lang='lat' dir='ltr'>et</span> <span class='ocrx_word' id='word_1_115' title='bbox 1060 773 1318 819; x_wconf 79' lang='lat' dir='ltr'>proximioribus</span> <span class='ocrx_word' id='word_1_116' title='bbox 1357 776 1465 809; x_wconf 70' lang='grc'>101115,</span> <span class='ocrx_word' id='word_1_117' title='bbox 1505 776 1623 807; x_wconf 83' lang='grc'>0351115</span> <span class='ocrx_word' id='word_1_118' title='bbox 1662 778 1693 807; x_wconf 83' lang='grc'>01</span> <span class='ocrx_word' id='word_1_119' title='bbox 1730 773 1824 807; x_wconf 87' lang='grc'>1101115</span> <span class='ocrx_word' id='word_1_120' title='bbox 1859 777 1955 818; x_wconf 70' lang='lat' dir='ltr'>regni</span> 
     </span>
     <span class='ocr_line' id='line_1_11' title="bbox 95 833 1959 881; baseline -0.001 -12"><span class='ocrx_word' id='word_1_121' title='bbox 95 835 244 879; x_wconf 85' lang='lat' dir='ltr'>Ungarie</span> <span class='ocrx_word' id='word_1_122' title='bbox 273 846 376 881; x_wconf 86' lang='lat' dir='ltr'>penes</span> <span class='ocrx_word' id='word_1_123' title='bbox 406 839 510 868; x_wconf 90' lang='lat' dir='ltr'>metas</span> <span class='ocrx_word' id='word_1_124' title='bbox 539 833 677 867; x_wconf 88' lang='lat' dir='ltr'>Austrie</span> <span class='ocrx_word' id='word_1_125' title='bbox 706 838 737 867; x_wconf 90' lang='lat' dir='ltr'>et</span> <span class='ocrx_word' id='word_1_126' title='bbox 765 833 919 867; x_wconf 75' lang='lat' dir='ltr'>Moravie</span> <span class='ocrx_word' id='word_1_127' title='bbox 948 838 1071 867; x_wconf 88' lang='lat' dir='ltr'>tantum</span> <span class='ocrx_word' id='word_1_128' title='bbox 1102 834 1142 867; x_wconf 92' lang='lat' dir='ltr'>de</span> <span class='ocrx_word' id='word_1_129' title='bbox 1171 836 1281 873; x_wconf 68' lang='lat' dir='ltr'>terris„</span> <span class='ocrx_word' id='word_1_130' title='bbox 1320 836 1449 873; x_wconf 57' lang='lat' dir='ltr'>castrisq</span> <span class='ocrx_word' id='word_1_131' title='bbox 1481 833 1576 866; x_wconf 88' lang='lat' dir='ltr'>bonis</span> <span class='ocrx_word' id='word_1_132' title='bbox 1606 838 1704 878; x_wconf 86' lang='lat' dir='ltr'>atque</span> <span class='ocrx_word' id='word_1_133' title='bbox 1742 834 1959 879; x_wconf 75' lang='lat' dir='ltr'>proventibus</span> 
     </span>
     <span class='ocr_line' id='line_1_12' title="bbox 96 893 1957 940; baseline -0.001 -11"><span class='ocrx_word' id='word_1_134' title='bbox 96 907 170 929; x_wconf 88' lang='lat' dir='ltr'>cum</span> <span class='ocrx_word' id='word_1_135' title='bbox 199 898 302 940; x_wconf 78' lang='lat' dir='ltr'>regiis</span> <span class='ocrx_word' id='word_1_136' title='bbox 331 900 362 929; x_wconf 85' lang='lat' dir='ltr'>et</span> <span class='ocrx_word' id='word_1_137' title='bbox 391 895 463 929; x_wconf 88' lang='lat' dir='ltr'>aliis</span> <span class='ocrx_word' id='word_1_138' title='bbox 489 894 618 939; x_wconf 90' lang='lat' dir='ltr'>juribus</span> <span class='ocrx_word' id='word_1_139' title='bbox 638 899 793 939; x_wconf 86' lang='lat' dir='ltr'>quantum</span> <span class='ocrx_word' id='word_1_140' title='bbox 816 895 892 928; x_wconf 90' lang='lat' dir='ltr'>olim</span> <span class='ocrx_word' id='word_1_141' title='bbox 922 894 1027 928; x_wconf 87' lang='lat' dir='ltr'>seticis</span> <span class='ocrx_word' id='word_1_142' title='bbox 1047 897 1208 927; x_wconf 88' lang='lat' dir='ltr'>memorie</span> <span class='ocrx_word' id='word_1_143' title='bbox 1229 893 1419 939; x_wconf 81' lang='lat' dir='ltr'>Stephanus</span> <span class='ocrx_word' id='word_1_144' title='bbox 1449 893 1634 936; x_wconf 64' lang='grc'>(1101115111,</span> <span class='ocrx_word' id='word_1_145' title='bbox 1665 894 1768 927; x_wconf 80' lang='lat' dir='ltr'>frater</span> <span class='ocrx_word' id='word_1_146' title='bbox 1793 895 1957 939; x_wconf 87' lang='lat' dir='ltr'>quondam</span> 
     </span>
     <span class='ocr_line' id='line_1_13' title="bbox 92 954 1956 1002; baseline -0.001 -13"><span class='ocrx_word' id='word_1_147' title='bbox 92 959 144 1002; x_wconf 92' lang='lat' dir='ltr'>pie</span> <span class='ocrx_word' id='word_1_148' title='bbox 174 959 334 989; x_wconf 89' lang='lat' dir='ltr'>memorie</span> <span class='ocrx_word' id='word_1_149' title='bbox 364 956 523 989; x_wconf 87' lang='lat' dir='ltr'>Ludovici</span> <span class='ocrx_word' id='word_1_150' title='bbox 555 958 647 1000; x_wconf 82' lang='lat' dir='ltr'>regis</span> <span class='ocrx_word' id='word_1_151' title='bbox 675 955 825 999; x_wconf 71' lang='lat' dir='ltr'>Ungarie</span> <span class='ocrx_word' id='word_1_152' title='bbox 855 966 914 1001; x_wconf 92' lang='lat' dir='ltr'>pro</span> <span class='ocrx_word' id='word_1_153' title='bbox 943 957 1190 988; x_wconf 89' lang='lat' dir='ltr'>sustentacione</span> <span class='ocrx_word' id='word_1_154' title='bbox 1218 959 1322 988; x_wconf 89' lang='lat' dir='ltr'>status</span> <span class='ocrx_word' id='word_1_155' title='bbox 1357 957 1406 988; x_wconf 91' lang='grc'>5111</span> <span class='ocrx_word' id='word_1_156' title='bbox 1442 957 1556 997; x_wconf 52' lang='lat' dir='ltr'>tenuit5</span> <span class='ocrx_word' id='word_1_157' title='bbox 1597 954 1709 988; x_wconf 82' lang='lat' dir='ltr'>habuit</span> <span class='ocrx_word' id='word_1_158' title='bbox 1739 960 1771 988; x_wconf 51' lang='lat' dir='ltr'>et¹</span> <span class='ocrx_word' id='word_1_159' title='bbox 1799 956 1956 1000; x_wconf 81' lang='lat' dir='ltr'>possedit.</span> 
     </span>
     <span class='ocr_line' id='line_1_14' title="bbox 91 1015 1958 1062; baseline -0.002 -12"><span class='ocrx_word' id='word_1_160' title='bbox 91 1016 131 1050; x_wconf 91' lang='lat' dir='ltr'>Et</span> <span class='ocrx_word' id='word_1_161' title='bbox 160 1016 315 1062; x_wconf 88' lang='lat' dir='ltr'>quidquid</span> <span class='ocrx_word' id='word_1_162' title='bbox 344 1016 416 1061; x_wconf 90' lang='lat' dir='ltr'>plus</span> <span class='ocrx_word' id='word_1_163' title='bbox 454 1016 560 1049; x_wconf 91' lang='lat' dir='ltr'>eidem</span> <span class='ocrx_word' id='word_1_164' title='bbox 591 1015 683 1049; x_wconf 88' lang='lat' dir='ltr'>fratri</span> <span class='ocrx_word' id='word_1_165' title='bbox 713 1020 827 1049; x_wconf 87' lang='lat' dir='ltr'>nostro</span> <span class='ocrx_word' id='word_1_166' title='bbox 857 1016 998 1049; x_wconf 89' lang='lat' dir='ltr'>dandum</span> <span class='ocrx_word' id='word_1_167' title='bbox 1028 1020 1061 1049; x_wconf 82' lang='lat' dir='ltr'>et</span> <span class='ocrx_word' id='word_1_168' title='bbox 1088 1015 1324 1060; x_wconf 80' lang='lat' dir='ltr'>assignandum</span> <span class='ocrx_word' id='word_1_169' title='bbox 1360 1018 1433 1058; x_wconf 61' lang='grc'>0111,</span> <span class='ocrx_word' id='word_1_170' title='bbox 1473 1016 1502 1049; x_wconf 94' lang='lat' dir='ltr'>id</span> <span class='ocrx_word' id='word_1_171' title='bbox 1532 1020 1645 1049; x_wconf 86' lang='lat' dir='ltr'>nostre</span> <span class='ocrx_word' id='word_1_172' title='bbox 1679 1016 1844 1049; x_wconf 75' lang='lat' dir='ltr'>ulterioris</span> <span class='ocrx_word' id='word_1_173' title='bbox 1874 1027 1958 1061; x_wconf 81' lang='lat' dir='ltr'>pro-</span> 
     </span>
     <span class='ocr_line' id='line_1_15' title="bbox 92 1075 1960 1122; baseline -0.001 -12"><span class='ocrx_word' id='word_1_174' title='bbox 92 1080 340 1111; x_wconf 86' lang='lat' dir='ltr'>nuncciaciouis</span> <span class='ocrx_word' id='word_1_175' title='bbox 387 1075 523 1109; x_wconf 90' lang='lat' dir='ltr'>arbitrio</span> <span class='ocrx_word' id='word_1_176' title='bbox 558 1087 786 1110; x_wconf 80' lang='lat' dir='ltr'>reservamus.</span> <span class='ocrx_word' id='word_1_177' title='bbox 844 1076 923 1109; x_wconf 87' lang='lat' dir='ltr'>Item</span> <span class='ocrx_word' id='word_1_178' title='bbox 963 1087 1063 1122; x_wconf 89' lang='lat' dir='ltr'>super</span> <span class='ocrx_word' id='word_1_179' title='bbox 1100 1076 1238 1109; x_wconf 87' lang='lat' dir='ltr'>articulo</span> <span class='ocrx_word' id='word_1_180' title='bbox 1283 1076 1507 1109; x_wconf 84' lang='lat' dir='ltr'>traduccionis</span> <span class='ocrx_word' id='word_1_181' title='bbox 1546 1076 1632 1109; x_wconf 85' lang='lat' dir='ltr'>dicte</span> <span class='ocrx_word' id='word_1_182' title='bbox 1673 1080 1799 1110; x_wconf 86' lang='lat' dir='ltr'>sororis</span> <span class='ocrx_word' id='word_1_183' title='bbox 1846 1081 1960 1109; x_wconf 81' lang='lat' dir='ltr'>nostre</span> 
     </span>
     <span class='ocr_line' id='line_1_16' title="bbox 96 1136 1960 1182; baseline -0.001 -11"><span class='ocrx_word' id='word_1_184' title='bbox 96 1138 228 1171; x_wconf 91' lang='lat' dir='ltr'>domine</span> <span class='ocrx_word' id='word_1_185' title='bbox 257 1137 363 1171; x_wconf 84' lang='lat' dir='ltr'>Marie</span> <span class='ocrx_word' id='word_1_186' title='bbox 393 1137 532 1170; x_wconf 86' lang='lat' dir='ltr'>dicimus</span> <span class='ocrx_word' id='word_1_187' title='bbox 561 1139 840 1182; x_wconf 87' lang='lat' dir='ltr'>pronuucciamus</span> <span class='ocrx_word' id='word_1_188' title='bbox 870 1141 900 1169; x_wconf 89' lang='lat' dir='ltr'>et</span> <span class='ocrx_word' id='word_1_189' title='bbox 930 1139 1034 1169; x_wconf 86' lang='lat' dir='ltr'>eciam</span> <span class='ocrx_word' id='word_1_190' title='bbox 1065 1136 1285 1173; x_wconf 69' lang='lat' dir='ltr'>declaramus.</span> <span class='ocrx_word' id='word_1_191' title='bbox 1315 1136 1401 1181; x_wconf 93' lang='lat' dir='ltr'>quod</span> <span class='ocrx_word' id='word_1_192' title='bbox 1431 1137 1536 1170; x_wconf 88' lang='lat' dir='ltr'>dictus</span> <span class='ocrx_word' id='word_1_193' title='bbox 1571 1136 1673 1170; x_wconf 85' lang='lat' dir='ltr'>frater</span> <span class='ocrx_word' id='word_1_194' title='bbox 1703 1141 1816 1170; x_wconf 91' lang='lat' dir='ltr'>noster</span> <span class='ocrx_word' id='word_1_195' title='bbox 1845 1136 1960 1181; x_wconf 77' lang='lat' dir='ltr'>Sigis-</span> 
     </span>
     <span class='ocr_line' id='line_1_17' title="bbox 93 1196 1959 1242; baseline -0.001 -11"><span class='ocrx_word' id='word_1_196' title='bbox 93 1198 232 1231; x_wconf 91' lang='lat' dir='ltr'>mundus</span> <span class='ocrx_word' id='word_1_197' title='bbox 261 1197 399 1231; x_wconf 81' lang='lat' dir='ltr'>liberam</span> <span class='ocrx_word' id='word_1_198' title='bbox 429 1202 460 1231; x_wconf 91' lang='lat' dir='ltr'>et</span> <span class='ocrx_word' id='word_1_199' title='bbox 489 1197 620 1242; x_wconf 80' lang='lat' dir='ltr'>plenam</span> <span class='ocrx_word' id='word_1_200' title='bbox 641 1201 838 1242; x_wconf 87' lang='lat' dir='ltr'>potestatem</span> <span class='ocrx_word' id='word_1_201' title='bbox 869 1196 1123 1233; x_wconf 55' lang='grc' dir='ltr'>113110101101101η</span> <span class='ocrx_word' id='word_1_202' title='bbox 1154 1199 1258 1242; x_wconf 87' lang='lat' dir='ltr'>ipsam</span> <span class='ocrx_word' id='word_1_203' title='bbox 1289 1197 1454 1230; x_wconf 90' lang='lat' dir='ltr'>dominam</span> <span class='ocrx_word' id='word_1_204' title='bbox 1476 1196 1617 1231; x_wconf 86' lang='lat' dir='ltr'>Mariam</span> <span class='ocrx_word' id='word_1_205' title='bbox 1639 1200 1789 1241; x_wconf 78' lang='lat' dir='ltr'>reginam</span> <span class='ocrx_word' id='word_1_206' title='bbox 1813 1197 1959 1241; x_wconf 76' lang='lat' dir='ltr'>Ungarie</span> 
     </span>
     <span class='ocr_line' id='line_1_18' title="bbox 95 1256 1957 1302; baseline -0.001 -10"><span class='ocrx_word' id='word_1_207' title='bbox 95 1258 308 1292; x_wconf 88' lang='lat' dir='ltr'>consorthem</span> <span class='ocrx_word' id='word_1_208' title='bbox 339 1262 370 1291; x_wconf 87' lang='lat' dir='ltr'>et</span> <span class='ocrx_word' id='word_1_209' title='bbox 400 1257 628 1291; x_wconf 87' lang='lat' dir='ltr'>conthoralem</span> <span class='ocrx_word' id='word_1_210' title='bbox 658 1269 751 1291; x_wconf 91' lang='lat' dir='ltr'>suam</span> <span class='ocrx_word' id='word_1_211' title='bbox 790 1260 995 1290; x_wconf 80' lang='lat' dir='ltr'>carissimam</span> <span class='ocrx_word' id='word_1_212' title='bbox 1024 1256 1144 1302; x_wconf 87' lang='lat' dir='ltr'>ubique</span> <span class='ocrx_word' id='word_1_213' title='bbox 1181 1259 1214 1290; x_wconf 89' lang='lat' dir='ltr'>in</span> <span class='ocrx_word' id='word_1_214' title='bbox 1243 1268 1349 1301; x_wconf 72' lang='lat' dir='ltr'>regno</span> <span class='ocrx_word' id='word_1_215' title='bbox 1379 1257 1529 1301; x_wconf 74' lang='lat' dir='ltr'>Ungarie</span> <span class='ocrx_word' id='word_1_216' title='bbox 1559 1258 1736 1291; x_wconf 86' lang='lat' dir='ltr'>traducere</span> <span class='ocrx_word' id='word_1_217' title='bbox 1773 1257 1897 1291; x_wconf 89' lang='grc'>11311010</span> <span class='ocrx_word' id='word_1_218' title='bbox 1928 1262 1957 1290; x_wconf 97' lang='grc'>01</span> 
     </span>
     <span class='ocr_line' id='line_1_19' title="bbox 93 1317 1959 1364; baseline -0.001 -12"><span class='ocrx_word' id='word_1_219' title='bbox 93 1330 167 1352; x_wconf 90' lang='grc'>03111</span> <span class='ocrx_word' id='word_1_220' title='bbox 197 1330 235 1352; x_wconf 86' lang='grc'>03</span> <span class='ocrx_word' id='word_1_221' title='bbox 264 1322 384 1352; x_wconf 88' lang='lat' dir='ltr'>vivere</span> <span class='ocrx_word' id='word_1_222' title='bbox 414 1323 444 1351; x_wconf 92' lang='lat' dir='ltr'>et</span> <span class='ocrx_word' id='word_1_223' title='bbox 475 1321 609 1355; x_wconf 71' lang='grc'>11101311,</span> <span class='ocrx_word' id='word_1_224' title='bbox 653 1322 749 1364; x_wconf 90' lang='lat' dir='ltr'>prout</span> <span class='ocrx_word' id='word_1_225' title='bbox 788 1318 883 1351; x_wconf 88' lang='lat' dir='ltr'>decet</span> <span class='ocrx_word' id='word_1_226' title='bbox 913 1320 1064 1350; x_wconf 88' lang='lat' dir='ltr'>maritum</span> <span class='ocrx_word' id='word_1_227' title='bbox 1101 1328 1174 1350; x_wconf 88' lang='grc'>011111</span> <span class='ocrx_word' id='word_1_228' title='bbox 1208 1317 1349 1358; x_wconf 60' lang='lat' dir='ltr'>reginali</span> <span class='ocrx_word' id='word_1_229' title='bbox 1379 1322 1538 1351; x_wconf 87' lang='lat' dir='ltr'>consorte</span> <span class='ocrx_word' id='word_1_230' title='bbox 1568 1329 1626 1351; x_wconf 91' lang='lat' dir='ltr'>sua</span> <span class='ocrx_word' id='word_1_231' title='bbox 1656 1323 1745 1351; x_wconf 88' lang='lat' dir='ltr'>stare</span> <span class='ocrx_word' id='word_1_232' title='bbox 1774 1321 1893 1352; x_wconf 81' lang='lat' dir='ltr'>vivere</span> <span class='ocrx_word' id='word_1_233' title='bbox 1927 1323 1959 1351; x_wconf 90' lang='lat' dir='ltr'>et</span> 
     </span>
     <span class='ocr_line' id='line_1_20' title="bbox 92 1378 1957 1424; baseline -0.001 -11"><span class='ocrx_word' id='word_1_234' title='bbox 92 1382 224 1413; x_wconf 91' lang='lat' dir='ltr'>morari.</span> <span class='ocrx_word' id='word_1_235' title='bbox 281 1379 362 1413; x_wconf 87' lang='lat' dir='ltr'>Item</span> <span class='ocrx_word' id='word_1_236' title='bbox 393 1378 501 1412; x_wconf 88' lang='lat' dir='ltr'>debita</span> <span class='ocrx_word' id='word_1_237' title='bbox 531 1390 591 1424; x_wconf 90' lang='lat' dir='ltr'>per</span> <span class='ocrx_word' id='word_1_238' title='bbox 620 1379 740 1412; x_wconf 87' lang='lat' dir='ltr'>dictum</span> <span class='ocrx_word' id='word_1_239' title='bbox 771 1378 908 1412; x_wconf 81' lang='lat' dir='ltr'>fratrem</span> <span class='ocrx_word' id='word_1_240' title='bbox 937 1382 1086 1411; x_wconf 93' lang='lat' dir='ltr'>nostrum</span> <span class='ocrx_word' id='word_1_241' title='bbox 1116 1380 1296 1411; x_wconf 84' lang='lat' dir='ltr'>occasione</span> <span class='ocrx_word' id='word_1_242' title='bbox 1324 1389 1463 1422; x_wconf 80' lang='lat' dir='ltr'>gwerre</span> <span class='ocrx_word' id='word_1_243' title='bbox 1492 1381 1659 1423; x_wconf 90' lang='lat' dir='ltr'>presentis</span> <span class='ocrx_word' id='word_1_244' title='bbox 1689 1382 1749 1412; x_wconf 89' lang='lat' dir='ltr'>rite</span> <span class='ocrx_word' id='word_1_245' title='bbox 1788 1384 1957 1412; x_wconf 81' lang='lat' dir='ltr'>contracta</span> 
     </span>
     <span class='ocr_line' id='line_1_21' title="bbox 90 1437 1954 1485; baseline -0.001 -12"><span class='ocrx_word' id='word_1_246' title='bbox 90 1440 237 1485; x_wconf 84' lang='lat' dir='ltr'>persolvi</span> <span class='ocrx_word' id='word_1_247' title='bbox 276 1439 397 1473; x_wconf 87' lang='lat' dir='ltr'>debent</span> <span class='ocrx_word' id='word_1_248' title='bbox 432 1440 472 1472; x_wconf 90' lang='lat' dir='ltr'>de</span> <span class='ocrx_word' id='word_1_249' title='bbox 507 1439 603 1473; x_wconf 88' lang='grc'>1101115</span> <span class='ocrx_word' id='word_1_250' title='bbox 631 1442 727 1484; x_wconf 72' lang='lat' dir='ltr'>regni</span> <span class='ocrx_word' id='word_1_251' title='bbox 757 1439 906 1484; x_wconf 76' lang='lat' dir='ltr'>Ungarie</span> <span class='ocrx_word' id='word_1_252' title='bbox 943 1450 1004 1484; x_wconf 89' lang='lat' dir='ltr'>per</span> <span class='ocrx_word' id='word_1_253' title='bbox 1040 1441 1191 1482; x_wconf 78' lang='lat' dir='ltr'>reginam</span> <span class='ocrx_word' id='word_1_254' title='bbox 1222 1437 1371 1483; x_wconf 79' lang='lat' dir='ltr'>Ungarie</span> <span class='ocrx_word' id='word_1_255' title='bbox 1410 1443 1601 1472; x_wconf 84' lang='lat' dir='ltr'>consortem</span> <span class='ocrx_word' id='word_1_256' title='bbox 1637 1450 1741 1474; x_wconf 70' lang='lat' dir='ltr'>suam.</span> <span class='ocrx_word' id='word_1_257' title='bbox 1780 1443 1954 1484; x_wconf 87' lang='lat' dir='ltr'>presertim</span> 
     </span>
     <span class='ocr_line' id='line_1_22' title="bbox 91 1499 1954 1543; baseline 0.001 -10"><span class='ocrx_word' id='word_1_258' title='bbox 91 1511 164 1533; x_wconf 91' lang='lat' dir='ltr'>cum</span> <span class='ocrx_word' id='word_1_259' title='bbox 194 1500 280 1533; x_wconf 90' lang='lat' dir='ltr'>idem</span> <span class='ocrx_word' id='word_1_260' title='bbox 311 1500 414 1533; x_wconf 84' lang='lat' dir='ltr'>frater</span> <span class='ocrx_word' id='word_1_261' title='bbox 442 1504 556 1533; x_wconf 88' lang='lat' dir='ltr'>noster</span> <span class='ocrx_word' id='word_1_262' title='bbox 585 1499 770 1534; x_wconf 89' lang='lat' dir='ltr'>huiusmodi</span> <span class='ocrx_word' id='word_1_263' title='bbox 801 1499 908 1533; x_wconf 86' lang='lat' dir='ltr'>debita</span> <span class='ocrx_word' id='word_1_264' title='bbox 938 1510 1003 1533; x_wconf 90' lang='lat' dir='ltr'>non</span> <span class='ocrx_word' id='word_1_265' title='bbox 1034 1499 1232 1543; x_wconf 64' lang='lat' dir='ltr'>voluntarie,</span> <span class='ocrx_word' id='word_1_266' title='bbox 1269 1500 1326 1533; x_wconf 87' lang='lat' dir='ltr'>sed</span> <span class='ocrx_word' id='word_1_267' title='bbox 1357 1504 1493 1533; x_wconf 87' lang='lat' dir='ltr'>coactus</span> <span class='ocrx_word' id='word_1_268' title='bbox 1524 1500 1705 1533; x_wconf 87' lang='lat' dir='ltr'>dinoscitur</span> <span class='ocrx_word' id='word_1_269' title='bbox 1734 1503 1954 1534; x_wconf 79' lang='lat' dir='ltr'>contraxisse.</span> 
     </span>
     <span class='ocr_line' id='line_1_23' title="bbox 92 1560 1957 1606; baseline 0 -13"><span class='ocrx_word' id='word_1_270' title='bbox 92 1560 172 1593; x_wconf 91' lang='lat' dir='ltr'>Item</span> <span class='ocrx_word' id='word_1_271' title='bbox 203 1561 243 1594; x_wconf 91' lang='lat' dir='ltr'>de</span> <span class='ocrx_word' id='word_1_272' title='bbox 273 1565 303 1593; x_wconf 91' lang='lat' dir='ltr'>et</span> <span class='ocrx_word' id='word_1_273' title='bbox 333 1571 434 1605; x_wconf 90' lang='lat' dir='ltr'>super</span> <span class='ocrx_word' id='word_1_274' title='bbox 462 1563 560 1594; x_wconf 90' lang='lat' dir='ltr'>terris</span> <span class='ocrx_word' id='word_1_275' title='bbox 589 1564 621 1593; x_wconf 85' lang='lat' dir='ltr'>et</span> <span class='ocrx_word' id='word_1_276' title='bbox 650 1571 764 1593; x_wconf 89' lang='lat' dir='ltr'>earum</span> <span class='ocrx_word' id='word_1_277' title='bbox 794 1563 1019 1605; x_wconf 74' lang='lat' dir='ltr'>pertinenciis„</span> <span class='ocrx_word' id='word_1_278' title='bbox 1055 1570 1137 1604; x_wconf 84' lang='lat' dir='ltr'>quas</span> <span class='ocrx_word' id='word_1_279' title='bbox 1174 1560 1280 1594; x_wconf 88' lang='lat' dir='ltr'>dictus</span> <span class='ocrx_word' id='word_1_280' title='bbox 1308 1564 1444 1606; x_wconf 89' lang='lat' dir='ltr'>patruus</span> <span class='ocrx_word' id='word_1_281' title='bbox 1483 1565 1601 1593; x_wconf 90' lang='lat' dir='ltr'>noster</span> <span class='ocrx_word' id='word_1_282' title='bbox 1629 1560 1774 1593; x_wconf 86' lang='lat' dir='ltr'>Jodocus</span> <span class='ocrx_word' id='word_1_283' title='bbox 1809 1560 1957 1594; x_wconf 87' lang='lat' dir='ltr'>marchio</span> 
     </span>
     <span class='ocr_line' id='line_1_24' title="bbox 93 1619 1958 1665; baseline -0.001 -11"><span class='ocrx_word' id='word_1_284' title='bbox 93 1620 246 1654; x_wconf 80' lang='lat' dir='ltr'>Moravie</span> <span class='ocrx_word' id='word_1_285' title='bbox 280 1624 312 1653; x_wconf 96' lang='lat' dir='ltr'>in</span> <span class='ocrx_word' id='word_1_286' title='bbox 341 1631 447 1665; x_wconf 77' lang='lat' dir='ltr'>regno</span> <span class='ocrx_word' id='word_1_287' title='bbox 476 1620 626 1665; x_wconf 75' lang='lat' dir='ltr'>Ungarie</span> <span class='ocrx_word' id='word_1_288' title='bbox 656 1623 741 1653; x_wconf 85' lang='lat' dir='ltr'>inter</span> <span class='ocrx_word' id='word_1_289' title='bbox 770 1620 901 1653; x_wconf 88' lang='lat' dir='ltr'>ssumina</span> <span class='ocrx_word' id='word_1_290' title='bbox 932 1619 1075 1653; x_wconf 85' lang='lat' dir='ltr'>Danubii</span> <span class='ocrx_word' id='word_1_291' title='bbox 1104 1624 1137 1653; x_wconf 83' lang='lat' dir='ltr'>et</span> <span class='ocrx_word' id='word_1_292' title='bbox 1164 1620 1257 1664; x_wconf 78' lang='lat' dir='ltr'>Wag</span> <span class='ocrx_word' id='word_1_293' title='bbox 1285 1623 1473 1665; x_wconf 56' lang='lat' dir='ltr'>acquivisit„</span> <span class='ocrx_word' id='word_1_294' title='bbox 1504 1620 1643 1653; x_wconf 76' lang='lat' dir='ltr'>dicimus</span> <span class='ocrx_word' id='word_1_295' title='bbox 1680 1623 1958 1665; x_wconf 88' lang='lat' dir='ltr'>prommccianms</span> 
     </span>
     <span class='ocr_line' id='line_1_25' title="bbox 93 1680 1958 1725; baseline 0 -11"><span class='ocrx_word' id='word_1_296' title='bbox 93 1686 125 1714; x_wconf 86' lang='lat' dir='ltr'>et</span> <span class='ocrx_word' id='word_1_297' title='bbox 155 1684 260 1714; x_wconf 88' lang='lat' dir='ltr'>eciam</span> <span class='ocrx_word' id='word_1_298' title='bbox 290 1680 479 1724; x_wconf 59' lang='lat' dir='ltr'>diffinimus,</span> <span class='ocrx_word' id='word_1_299' title='bbox 510 1680 596 1725; x_wconf 91' lang='lat' dir='ltr'>quod</span> <span class='ocrx_word' id='word_1_300' title='bbox 627 1680 711 1714; x_wconf 84' lang='lat' dir='ltr'>dicta</span> <span class='ocrx_word' id='word_1_301' title='bbox 741 1680 872 1713; x_wconf 86' lang='lat' dir='ltr'>domina</span> <span class='ocrx_word' id='word_1_302' title='bbox 902 1680 1007 1714; x_wconf 83' lang='lat' dir='ltr'>Maria</span> <span class='ocrx_word' id='word_1_303' title='bbox 1037 1680 1077 1713; x_wconf 87' lang='lat' dir='ltr'>de</span> <span class='ocrx_word' id='word_1_304' title='bbox 1106 1680 1201 1713; x_wconf 91' lang='lat' dir='ltr'>honis</span> <span class='ocrx_word' id='word_1_305' title='bbox 1230 1680 1399 1724; x_wconf 82' lang='lat' dir='ltr'>regalibus</span> <span class='ocrx_word' id='word_1_306' title='bbox 1420 1684 1516 1725; x_wconf 70' lang='lat' dir='ltr'>regni</span> <span class='ocrx_word' id='word_1_307' title='bbox 1546 1680 1694 1725; x_wconf 60' lang='lat' dir='ltr'>Unum-ie</span> <span class='ocrx_word' id='word_1_308' title='bbox 1724 1681 1809 1714; x_wconf 88' lang='lat' dir='ltr'>dicto</span> <span class='ocrx_word' id='word_1_309' title='bbox 1830 1680 1958 1714; x_wconf 89' lang='lat' dir='ltr'>Jodoco</span> 
     </span>
     <span class='ocr_line' id='line_1_26' title="bbox 95 1740 1958 1786; baseline -0.001 -11"><span class='ocrx_word' id='word_1_310' title='bbox 95 1741 277 1775; x_wconf 88' lang='lat' dir='ltr'>marchioni</span> <span class='ocrx_word' id='word_1_311' title='bbox 297 1741 451 1775; x_wconf 86' lang='lat' dir='ltr'>Moravie</span> <span class='ocrx_word' id='word_1_312' title='bbox 470 1740 525 1774; x_wconf 73' lang='lat' dir='ltr'>vel</span> <span class='ocrx_word' id='word_1_313' title='bbox 546 1743 616 1774; x_wconf 89' lang='lat' dir='ltr'>eius</span> <span class='ocrx_word' id='word_1_314' title='bbox 637 1744 737 1774; x_wconf 88' lang='lat' dir='ltr'>certis</span> <span class='ocrx_word' id='word_1_315' title='bbox 757 1744 917 1778; x_wconf 73' lang='grc'>1131100115,</span> <span class='ocrx_word' id='word_1_316' title='bbox 948 1741 1092 1786; x_wconf 83' lang='lat' dir='ltr'>desuper</span> <span class='ocrx_word' id='word_1_317' title='bbox 1114 1741 1300 1774; x_wconf 89' lang='lat' dir='ltr'>mandatum</span> <span class='ocrx_word' id='word_1_318' title='bbox 1330 1752 1424 1774; x_wconf 92' lang='lat' dir='ltr'>suum</span> <span class='ocrx_word' id='word_1_319' title='bbox 1447 1741 1654 1775; x_wconf 87' lang='lat' dir='ltr'>habentibus.</span> <span class='ocrx_word' id='word_1_320' title='bbox 1685 1741 1764 1774; x_wconf 89' lang='lat' dir='ltr'>dare</span> <span class='ocrx_word' id='word_1_321' title='bbox 1784 1744 1958 1786; x_wconf 73' lang='lat' dir='ltr'>assignare</span> 
     </span>
     <span class='ocr_line' id='line_1_27' title="bbox 97 1800 1960 1847; baseline 0 -12"><span class='ocrx_word' id='word_1_322' title='bbox 97 1807 128 1836; x_wconf 90' lang='lat' dir='ltr'>et</span> <span class='ocrx_word' id='word_1_323' title='bbox 155 1802 353 1847; x_wconf 72' lang='lat' dir='ltr'>persolvere</span> <span class='ocrx_word' id='word_1_324' title='bbox 383 1801 481 1834; x_wconf 89' lang='lat' dir='ltr'>debet</span> <span class='ocrx_word' id='word_1_325' title='bbox 517 1803 549 1834; x_wconf 90' lang='lat' dir='ltr'>in</span> <span class='ocrx_word' id='word_1_326' title='bbox 577 1801 651 1834; x_wconf 91' lang='lat' dir='ltr'>loco</span> <span class='ocrx_word' id='word_1_327' title='bbox 681 1801 835 1834; x_wconf 87' lang='lat' dir='ltr'>videlicet</span> <span class='ocrx_word' id='word_1_328' title='bbox 875 1804 1009 1835; x_wconf 86' lang='lat' dir='ltr'>civitate</span> <span class='ocrx_word' id='word_1_329' title='bbox 1039 1800 1185 1843; x_wconf 66' lang='lat' dir='ltr'>Pozonii,</span> <span class='ocrx_word' id='word_1_330' title='bbox 1215 1801 1387 1846; x_wconf 65' lang='lat' dir='ltr'>Tyrnavie</span> <span class='ocrx_word' id='word_1_331' title='bbox 1422 1801 1475 1834; x_wconf 80' lang='lat' dir='ltr'>vel</span> <span class='ocrx_word' id='word_1_332' title='bbox 1507 1801 1687 1834; x_wconf 85' lang='lat' dir='ltr'>Schintach</span> <span class='ocrx_word' id='word_1_333' title='bbox 1726 1801 1779 1835; x_wconf 90' lang='lat' dir='ltr'>ubi</span> <span class='ocrx_word' id='word_1_334' title='bbox 1816 1802 1960 1835; x_wconf 87' lang='lat' dir='ltr'>voluerit</span> 
     </span>
     <span class='ocr_line' id='line_1_28' title="bbox 92 1861 1956 1907; baseline -0.001 -11"><span class='ocrx_word' id='word_1_335' title='bbox 92 1863 232 1896; x_wconf 84' lang='lat' dir='ltr'>ducenta</span> <span class='ocrx_word' id='word_1_336' title='bbox 270 1862 367 1895; x_wconf 90' lang='lat' dir='ltr'>millia</span> <span class='ocrx_word' id='word_1_337' title='bbox 398 1861 600 1895; x_wconf 81' lang='lat' dir='ltr'>florenorum</span> <span class='ocrx_word' id='word_1_338' title='bbox 634 1861 796 1895; x_wconf 88' lang='lat' dir='ltr'>bonorum</span> <span class='ocrx_word' id='word_1_339' title='bbox 833 1865 904 1895; x_wconf 87' lang='lat' dir='ltr'>auri</span> <span class='ocrx_word' id='word_1_340' title='bbox 940 1862 1062 1906; x_wconf 72' lang='lat' dir='ltr'>legalis</span> <span class='ocrx_word' id='word_1_341' title='bbox 1096 1862 1253 1907; x_wconf 87' lang='lat' dir='ltr'>ponderis</span> <span class='ocrx_word' id='word_1_342' title='bbox 1291 1862 1332 1895; x_wconf 90' lang='lat' dir='ltr'>de</span> <span class='ocrx_word' id='word_1_343' title='bbox 1360 1861 1523 1906; x_wconf 63' lang='lat' dir='ltr'>Ungaria.</span> <span class='ocrx_word' id='word_1_344' title='bbox 1553 1861 1636 1895; x_wconf 89' lang='lat' dir='ltr'>infra</span> <span class='ocrx_word' id='word_1_345' title='bbox 1667 1861 1742 1895; x_wconf 89' lang='lat' dir='ltr'>hinc</span> <span class='ocrx_word' id='word_1_346' title='bbox 1777 1867 1809 1895; x_wconf 86' lang='lat' dir='ltr'>et</span> <span class='ocrx_word' id='word_1_347' title='bbox 1838 1862 1956 1895; x_wconf 88' lang='lat' dir='ltr'>festum</span> 
     </span>
     <span class='ocr_line' id='line_1_29' title="bbox 93 1922 1958 1968; baseline -0.001 -12"><span class='ocrx_word' id='word_1_348' title='bbox 93 1922 357 1956; x_wconf 82' lang='grc'>5330111113111111</span> <span class='ocrx_word' id='word_1_349' title='bbox 395 1922 494 1955; x_wconf 83' lang='lat' dir='ltr'>futuri</span> <span class='ocrx_word' id='word_1_350' title='bbox 532 1924 696 1967; x_wconf 79' lang='lat' dir='ltr'>proxime.</span> <span class='ocrx_word' id='word_1_351' title='bbox 753 1923 791 1956; x_wconf 90' lang='lat' dir='ltr'>Et</span> <span class='ocrx_word' id='word_1_352' title='bbox 830 1934 931 1968; x_wconf 83' lang='lat' dir='ltr'>super</span> <span class='ocrx_word' id='word_1_353' title='bbox 969 1922 1085 1955; x_wconf 89' lang='lat' dir='ltr'>eadem</span> <span class='ocrx_word' id='word_1_354' title='bbox 1124 1922 1294 1955; x_wconf 89' lang='lat' dir='ltr'>solucione</span> <span class='ocrx_word' id='word_1_355' title='bbox 1329 1922 1414 1955; x_wconf 91' lang='lat' dir='ltr'>idem</span> <span class='ocrx_word' id='word_1_356' title='bbox 1444 1922 1591 1956; x_wconf 87' lang='lat' dir='ltr'>Jodocus</span> <span class='ocrx_word' id='word_1_357' title='bbox 1630 1922 1776 1955; x_wconf 88' lang='lat' dir='ltr'>marchio</span> <span class='ocrx_word' id='word_1_358' title='bbox 1804 1922 1958 1956; x_wconf 78' lang='lat' dir='ltr'>Moravie</span> 
     </span>
     <span class='ocr_line' id='line_1_30' title="bbox 91 1982 1957 2027; baseline -0.001 -10"><span class='ocrx_word' id='word_1_359' title='bbox 91 1987 253 2017; x_wconf 88' lang='lat' dir='ltr'>caucione</span> <span class='ocrx_word' id='word_1_360' title='bbox 281 1988 313 2016; x_wconf 89' lang='lat' dir='ltr'>et</span> <span class='ocrx_word' id='word_1_361' title='bbox 342 1986 602 2016; x_wconf 86' lang='lat' dir='ltr'>assecuracione</span> <span class='ocrx_word' id='word_1_362' title='bbox 622 1982 830 2016; x_wconf 75' lang='lat' dir='ltr'>fideiussori-a</span> <span class='ocrx_word' id='word_1_363' title='bbox 861 1984 993 2016; x_wconf 89' lang='lat' dir='ltr'>decenti</span> <span class='ocrx_word' id='word_1_364' title='bbox 1015 1982 1207 2016; x_wconf 87' lang='lat' dir='ltr'>racionabili</span> <span class='ocrx_word' id='word_1_365' title='bbox 1236 1987 1267 2016; x_wconf 85' lang='lat' dir='ltr'>et</span> <span class='ocrx_word' id='word_1_366' title='bbox 1287 1983 1453 2027; x_wconf 74' lang='lat' dir='ltr'>condigna</span> <span class='ocrx_word' id='word_1_367' title='bbox 1484 1983 1616 2015; x_wconf 84' lang='lat' dir='ltr'>indilate</span> <span class='ocrx_word' id='word_1_368' title='bbox 1651 1986 1839 2016; x_wconf 84' lang='lat' dir='ltr'>assecurari</span> <span class='ocrx_word' id='word_1_369' title='bbox 1860 1982 1957 2016; x_wconf 77' lang='lat' dir='ltr'>debet</span> 
     </span>
     <span class='ocr_line' id='line_1_31' title="bbox 90 2043 1956 2089; baseline -0.001 -12"><span class='ocrx_word' id='word_1_370' title='bbox 90 2055 150 2089; x_wconf 88' lang='lat' dir='ltr'>per</span> <span class='ocrx_word' id='word_1_371' title='bbox 178 2044 330 2089; x_wconf 68' lang='lat' dir='ltr'>ydoneos</span> <span class='ocrx_word' id='word_1_372' title='bbox 359 2043 585 2077; x_wconf 86' lang='lat' dir='ltr'>fideiussores.</span> <span class='ocrx_word' id='word_1_373' title='bbox 616 2048 712 2088; x_wconf 87' lang='lat' dir='ltr'>prout</span> <span class='ocrx_word' id='word_1_374' title='bbox 742 2043 907 2077; x_wconf 89' lang='lat' dir='ltr'>videbitur</span> <span class='ocrx_word' id='word_1_375' title='bbox 936 2048 964 2076; x_wconf 89' lang='lat' dir='ltr'>et</span> <span class='ocrx_word' id='word_1_376' title='bbox 997 2043 1116 2076; x_wconf 86' lang='lat' dir='ltr'>fuerint</span> <span class='ocrx_word' id='word_1_377' title='bbox 1146 2047 1357 2088; x_wconf 91' lang='lat' dir='ltr'>oportunum.</span> <span class='ocrx_word' id='word_1_378' title='bbox 1388 2043 1429 2076; x_wconf 86' lang='lat' dir='ltr'>Et</span> <span class='ocrx_word' id='word_1_379' title='bbox 1461 2043 1646 2077; x_wconf 77' lang='lat' dir='ltr'>huiusmodi</span> <span class='ocrx_word' id='word_1_380' title='bbox 1676 2043 1846 2077; x_wconf 87' lang='lat' dir='ltr'>solucione</span> <span class='ocrx_word' id='word_1_381' title='bbox 1870 2043 1956 2076; x_wconf 89' lang='lat' dir='ltr'>facta</span> 
     </span>
     <span class='ocr_line' id='line_1_32' title="bbox 90 2103 1954 2149; baseline -0.001 -12"><span class='ocrx_word' id='word_1_382' title='bbox 90 2104 238 2149; x_wconf 87' lang='lat' dir='ltr'>plenarie</span> <span class='ocrx_word' id='word_1_383' title='bbox 274 2104 360 2137; x_wconf 84' lang='lat' dir='ltr'>dicte</span> <span class='ocrx_word' id='word_1_384' title='bbox 397 2114 526 2137; x_wconf 86' lang='lat' dir='ltr'>summe</span> <span class='ocrx_word' id='word_1_385' title='bbox 565 2104 782 2136; x_wconf 88' lang='lat' dir='ltr'>ducentorum</span> <span class='ocrx_word' id='word_1_386' title='bbox 822 2104 956 2137; x_wconf 85' lang='lat' dir='ltr'>millium</span> <span class='ocrx_word' id='word_1_387' title='bbox 995 2103 1197 2137; x_wconf 81' lang='lat' dir='ltr'>florenorum</span> <span class='ocrx_word' id='word_1_388' title='bbox 1234 2106 1305 2137; x_wconf 91' lang='lat' dir='ltr'>auri</span> <span class='ocrx_word' id='word_1_389' title='bbox 1343 2104 1461 2148; x_wconf 79' lang='lat' dir='ltr'>legalis</span> <span class='ocrx_word' id='word_1_390' title='bbox 1503 2104 1672 2149; x_wconf 71' lang='grc'>1103110115.</span> <span class='ocrx_word' id='word_1_391' title='bbox 1711 2108 1832 2136; x_wconf 78' lang='lat' dir='ltr'>extunc</span> <span class='ocrx_word' id='word_1_392' title='bbox 1868 2103 1954 2136; x_wconf 88' lang='lat' dir='ltr'>idem</span> 
     </span>
     <span class='ocr_line' id='line_1_33' title="bbox 90 2163 1953 2210; baseline -0.001 -13"><span class='ocrx_word' id='word_1_393' title='bbox 90 2164 238 2197; x_wconf 90' lang='lat' dir='ltr'>Jodocus</span> <span class='ocrx_word' id='word_1_394' title='bbox 267 2164 415 2197; x_wconf 87' lang='lat' dir='ltr'>marchio</span> <span class='ocrx_word' id='word_1_395' title='bbox 444 2163 596 2198; x_wconf 68' lang='lat' dir='ltr'>Moravie</span> <span class='ocrx_word' id='word_1_396' title='bbox 625 2164 792 2209; x_wconf 89' lang='lat' dir='ltr'>predictas</span> <span class='ocrx_word' id='word_1_397' title='bbox 830 2169 936 2197; x_wconf 91' lang='lat' dir='ltr'>terras</span> <span class='ocrx_word' id='word_1_398' title='bbox 967 2169 997 2197; x_wconf 88' lang='lat' dir='ltr'>et</span> <span class='ocrx_word' id='word_1_399' title='bbox 1026 2169 1135 2198; x_wconf 89' lang='lat' dir='ltr'>castra</span> <span class='ocrx_word' id='word_1_400' title='bbox 1156 2176 1230 2198; x_wconf 88' lang='lat' dir='ltr'>cum</span> <span class='ocrx_word' id='word_1_401' title='bbox 1261 2176 1376 2199; x_wconf 88' lang='lat' dir='ltr'>eorum</span> <span class='ocrx_word' id='word_1_402' title='bbox 1407 2167 1622 2210; x_wconf 80' lang='lat' dir='ltr'>pertinenciis</span> <span class='ocrx_word' id='word_1_403' title='bbox 1652 2165 1730 2197; x_wconf 85' lang='lat' dir='ltr'>dare</span> <span class='ocrx_word' id='word_1_404' title='bbox 1760 2168 1789 2196; x_wconf 89' lang='lat' dir='ltr'>et</span> <span class='ocrx_word' id='word_1_405' title='bbox 1820 2164 1953 2197; x_wconf 87' lang='lat' dir='ltr'>tradere</span> 
     </span>
     <span class='ocr_line' id='line_1_34' title="bbox 92 2223 1957 2271; baseline 0 -14"><span class='ocrx_word' id='word_1_406' title='bbox 92 2224 190 2257; x_wconf 84' lang='lat' dir='ltr'>debet</span> <span class='ocrx_word' id='word_1_407' title='bbox 218 2225 257 2258; x_wconf 92' lang='lat' dir='ltr'>ad</span> <span class='ocrx_word' id='word_1_408' title='bbox 288 2235 404 2258; x_wconf 88' lang='lat' dir='ltr'>manus</span> <span class='ocrx_word' id='word_1_409' title='bbox 433 2224 509 2257; x_wconf 88' lang='lat' dir='ltr'>dicti</span> <span class='ocrx_word' id='word_1_410' title='bbox 539 2223 650 2257; x_wconf 85' lang='lat' dir='ltr'>fratris</span> <span class='ocrx_word' id='word_1_411' title='bbox 688 2227 791 2257; x_wconf 87' lang='lat' dir='ltr'>nostri</span> <span class='ocrx_word' id='word_1_412' title='bbox 821 2224 1039 2269; x_wconf 71' lang='lat' dir='ltr'>sigismundi,</span> <span class='ocrx_word' id='word_1_413' title='bbox 1070 2225 1110 2258; x_wconf 92' lang='lat' dir='ltr'>de</span> <span class='ocrx_word' id='word_1_414' title='bbox 1148 2228 1226 2271; x_wconf 88' lang='lat' dir='ltr'>ipsis</span> <span class='ocrx_word' id='word_1_415' title='bbox 1256 2226 1393 2259; x_wconf 85' lang='lat' dir='ltr'>ulterius</span> <span class='ocrx_word' id='word_1_416' title='bbox 1423 2225 1674 2270; x_wconf 79' lang='lat' dir='ltr'>disponendum.</span> <span class='ocrx_word' id='word_1_417' title='bbox 1731 2224 1957 2257; x_wconf 85' lang='lat' dir='ltr'>Reservamus</span> 
     </span>
     <span class='ocr_line' id='line_1_35' title="bbox 92 2283 1956 2331; baseline 0 -14"><span class='ocrx_word' id='word_1_418' title='bbox 92 2287 196 2318; x_wconf 89' lang='lat' dir='ltr'>eciam</span> <span class='ocrx_word' id='word_1_419' title='bbox 235 2283 329 2318; x_wconf 91' lang='lat' dir='ltr'>nobis</span> <span class='ocrx_word' id='word_1_420' title='bbox 372 2287 403 2317; x_wconf 93' lang='lat' dir='ltr'>in</span> <span class='ocrx_word' id='word_1_421' title='bbox 441 2287 612 2329; x_wconf 89' lang='lat' dir='ltr'>premissis</span> <span class='ocrx_word' id='word_1_422' title='bbox 654 2288 687 2317; x_wconf 90' lang='lat' dir='ltr'>et</span> <span class='ocrx_word' id='word_1_423' title='bbox 723 2287 813 2317; x_wconf 88' lang='lat' dir='ltr'>circa</span> <span class='ocrx_word' id='word_1_424' title='bbox 855 2284 998 2330; x_wconf 86' lang='lat' dir='ltr'>quelibet</span> <span class='ocrx_word' id='word_1_425' title='bbox 1035 2286 1229 2319; x_wconf 90' lang='lat' dir='ltr'>eorumdem</span> <span class='ocrx_word' id='word_1_426' title='bbox 1272 2286 1464 2320; x_wconf 86' lang='lat' dir='ltr'>declarandi</span> <span class='ocrx_word' id='word_1_427' title='bbox 1499 2286 1626 2331; x_wconf 87' lang='lat' dir='ltr'>plenam</span> <span class='ocrx_word' id='word_1_428' title='bbox 1666 2290 1695 2317; x_wconf 85' lang='lat' dir='ltr'>et</span> <span class='ocrx_word' id='word_1_429' title='bbox 1735 2284 1956 2317; x_wconf 87' lang='lat' dir='ltr'>omnimodam</span> 
     </span>
     <span class='ocr_line' id='line_1_36' title="bbox 92 2345 1957 2391; baseline -0.001 -13"><span class='ocrx_word' id='word_1_430' title='bbox 92 2349 288 2390; x_wconf 85' lang='lat' dir='ltr'>potestatem</span> <span class='ocrx_word' id='word_1_431' title='bbox 310 2345 384 2378; x_wconf 88' lang='lat' dir='ltr'>loco</span> <span class='ocrx_word' id='word_1_432' title='bbox 405 2349 435 2378; x_wconf 88' lang='lat' dir='ltr'>et</span> <span class='ocrx_word' id='word_1_433' title='bbox 456 2349 606 2390; x_wconf 91' lang='lat' dir='ltr'>tempore</span> <span class='ocrx_word' id='word_1_434' title='bbox 627 2348 809 2389; x_wconf 84' lang='lat' dir='ltr'>oportunis.</span> <span class='ocrx_word' id='word_1_435' title='bbox 840 2345 1036 2379; x_wconf 84' lang='lat' dir='ltr'>Mandantes</span> <span class='ocrx_word' id='word_1_436' title='bbox 1065 2348 1277 2390; x_wconf 79' lang='lat' dir='ltr'>injungentes</span> <span class='ocrx_word' id='word_1_437' title='bbox 1306 2351 1338 2380; x_wconf 86' lang='lat' dir='ltr'>et</span> <span class='ocrx_word' id='word_1_438' title='bbox 1358 2349 1581 2391; x_wconf 81' lang='lat' dir='ltr'>precipientes</span> <span class='ocrx_word' id='word_1_439' title='bbox 1603 2345 1739 2377; x_wconf 90' lang='lat' dir='ltr'>tirmiter</span> <span class='ocrx_word' id='word_1_440' title='bbox 1758 2349 1789 2377; x_wconf 87' lang='lat' dir='ltr'>et</span> <span class='ocrx_word' id='word_1_441' title='bbox 1810 2345 1957 2378; x_wconf 87' lang='lat' dir='ltr'>districte</span> 
     </span>
     <span class='ocr_line' id='line_1_37' title="bbox 93 2404 1956 2452; baseline -0.001 -14"><span class='ocrx_word' id='word_1_442' title='bbox 93 2410 210 2438; x_wconf 90' lang='lat' dir='ltr'>tenore</span> <span class='ocrx_word' id='word_1_443' title='bbox 252 2407 463 2450; x_wconf 87' lang='lat' dir='ltr'>presencium</span> <span class='ocrx_word' id='word_1_444' title='bbox 505 2409 670 2450; x_wconf 89' lang='lat' dir='ltr'>tamquam</span> <span class='ocrx_word' id='word_1_445' title='bbox 714 2404 903 2441; x_wconf 72' lang='lat' dir='ltr'>arbitrator.</span> <span class='ocrx_word' id='word_1_446' title='bbox 947 2406 1129 2440; x_wconf 84' lang='lat' dir='ltr'>amicabilis</span> <span class='ocrx_word' id='word_1_447' title='bbox 1171 2410 1386 2452; x_wconf 84' lang='lat' dir='ltr'>compositor.</span> <span class='ocrx_word' id='word_1_448' title='bbox 1426 2408 1684 2451; x_wconf 85' lang='lat' dir='ltr'>promincciator</span> <span class='ocrx_word' id='word_1_449' title='bbox 1721 2409 1753 2437; x_wconf 73' lang='lat' dir='ltr'>et.</span> <span class='ocrx_word' id='word_1_450' title='bbox 1789 2405 1956 2449; x_wconf 67' lang='lat' dir='ltr'>legitimus</span> 
     </span>
     <span class='ocr_line' id='line_1_38' title="bbox 94 2464 1956 2510; baseline -0.001 -12"><span class='ocrx_word' id='word_1_451' title='bbox 94 2464 251 2499; x_wconf 76' lang='lat' dir='ltr'>diffinitur</span> <span class='ocrx_word' id='word_1_452' title='bbox 289 2467 436 2510; x_wconf 88' lang='lat' dir='ltr'>utrisque</span> <span class='ocrx_word' id='word_1_453' title='bbox 465 2464 611 2510; x_wconf 87' lang='lat' dir='ltr'>partibus</span> <span class='ocrx_word' id='word_1_454' title='bbox 649 2465 847 2510; x_wconf 85' lang='lat' dir='ltr'>supradictis</span> <span class='ocrx_word' id='word_1_455' title='bbox 876 2465 936 2498; x_wconf 87' lang='lat' dir='ltr'>sub</span> <span class='ocrx_word' id='word_1_456' title='bbox 957 2466 1020 2499; x_wconf 88' lang='lat' dir='ltr'>tide</span> <span class='ocrx_word' id='word_1_457' title='bbox 1048 2466 1143 2500; x_wconf 88' lang='lat' dir='ltr'>nobis</span> <span class='ocrx_word' id='word_1_458' title='bbox 1165 2467 1239 2500; x_wconf 90' lang='lat' dir='ltr'>data</span> <span class='ocrx_word' id='word_1_459' title='bbox 1268 2471 1298 2500; x_wconf 87' lang='lat' dir='ltr'>et</span> <span class='ocrx_word' id='word_1_460' title='bbox 1328 2470 1360 2499; x_wconf 91' lang='lat' dir='ltr'>in</span> <span class='ocrx_word' id='word_1_461' title='bbox 1391 2469 1512 2499; x_wconf 74' lang='lat' dir='ltr'>virtute</span> <span class='ocrx_word' id='word_1_462' title='bbox 1542 2466 1684 2510; x_wconf 74' lang='lat' dir='ltr'>desuper</span> <span class='ocrx_word' id='word_1_463' title='bbox 1704 2467 1831 2509; x_wconf 89' lang='lat' dir='ltr'>prestiti</span> <span class='ocrx_word' id='word_1_464' title='bbox 1854 2466 1956 2509; x_wconf 86' lang='lat' dir='ltr'>jura-</span> 
     </span>
     <span class='ocr_line' id='line_1_39' title="bbox 92 2525 1958 2572; baseline -0.001 -14"><span class='ocrx_word' id='word_1_465' title='bbox 92 2528 204 2567; x_wconf 53' lang='lat' dir='ltr'>menti7</span> <span class='ocrx_word' id='word_1_466' title='bbox 234 2529 396 2570; x_wconf 84' lang='lat' dir='ltr'>quatenus</span> <span class='ocrx_word' id='word_1_467' title='bbox 425 2525 708 2566; x_wconf 52' lang='lat' dir='ltr'>arbim-amentum„</span> <span class='ocrx_word' id='word_1_468' title='bbox 739 2525 945 2559; x_wconf 84' lang='lat' dir='ltr'>amicabilem</span> <span class='ocrx_word' id='word_1_469' title='bbox 975 2530 1269 2572; x_wconf 71' lang='lat' dir='ltr'>composicionem,</span> <span class='ocrx_word' id='word_1_470' title='bbox 1299 2528 1648 2572; x_wconf 72' lang='lat' dir='ltr'>pr‹»nuneciaciouem.</span> <span class='ocrx_word' id='word_1_471' title='bbox 1684 2527 1887 2558; x_wconf 86' lang='lat' dir='ltr'>sentenciam</span> <span class='ocrx_word' id='word_1_472' title='bbox 1927 2530 1958 2557; x_wconf 75' lang='lat' dir='ltr'>et</span> 
     </span>
     <span class='ocr_line' id='line_1_40' title="bbox 94 2584 1955 2633; baseline 0 -15"><span class='ocrx_word' id='word_1_473' title='bbox 94 2584 329 2618; x_wconf 84' lang='lat' dir='ltr'>diffinicionem</span> <span class='ocrx_word' id='word_1_474' title='bbox 370 2586 577 2630; x_wconf 76' lang='lat' dir='ltr'>singulorum</span> <span class='ocrx_word' id='word_1_475' title='bbox 613 2589 644 2618; x_wconf 89' lang='lat' dir='ltr'>et</span> <span class='ocrx_word' id='word_1_476' title='bbox 682 2588 826 2618; x_wconf 90' lang='lat' dir='ltr'>omnium</span> <span class='ocrx_word' id='word_1_477' title='bbox 863 2589 1115 2631; x_wconf 66' lang='grc'>111-0335501331,</span> <span class='ocrx_word' id='word_1_478' title='bbox 1151 2591 1247 2633; x_wconf 88' lang='grc'>1110111</span> <span class='ocrx_word' id='word_1_479' title='bbox 1286 2590 1438 2632; x_wconf 86' lang='lat' dir='ltr'>superius</span> <span class='ocrx_word' id='word_1_480' title='bbox 1477 2586 1633 2631; x_wconf 82' lang='lat' dir='ltr'>specifice</span> <span class='ocrx_word' id='word_1_481' title='bbox 1671 2590 1744 2619; x_wconf 89' lang='lat' dir='ltr'>sunt</span> <span class='ocrx_word' id='word_1_482' title='bbox 1782 2597 1955 2631; x_wconf 79' lang='lat' dir='ltr'>expressa.</span> 
     </span>
     <span class='ocr_line' id='line_1_41' title="bbox 94 2645 1958 2692; baseline 0 -14"><span class='ocrx_word' id='word_1_483' title='bbox 94 2645 269 2691; x_wconf 85' lang='lat' dir='ltr'>utrobique</span> <span class='ocrx_word' id='word_1_484' title='bbox 298 2646 495 2680; x_wconf 89' lang='lat' dir='ltr'>inconvulse</span> <span class='ocrx_word' id='word_1_485' title='bbox 534 2651 666 2680; x_wconf 87' lang='lat' dir='ltr'>teneant</span> <span class='ocrx_word' id='word_1_486' title='bbox 705 2646 904 2692; x_wconf 87' lang='lat' dir='ltr'>adimpleant</span> <span class='ocrx_word' id='word_1_487' title='bbox 933 2651 963 2679; x_wconf 90' lang='lat' dir='ltr'>et</span> <span class='ocrx_word' id='word_1_488' title='bbox 992 2647 1227 2681; x_wconf 87' lang='lat' dir='ltr'>inviolabiliter</span> <span class='ocrx_word' id='word_1_489' title='bbox 1262 2647 1442 2681; x_wconf 75' lang='lat' dir='ltr'>observent</span> <span class='ocrx_word' id='word_1_490' title='bbox 1481 2646 1615 2679; x_wconf 87' lang='lat' dir='ltr'>realiter</span> <span class='ocrx_word' id='word_1_491' title='bbox 1653 2657 1725 2678; x_wconf 87' lang='grc'>01131</span> <span class='ocrx_word' id='word_1_492' title='bbox 1765 2645 1895 2679; x_wconf 80' lang='lat' dir='ltr'>effectu.</span> <span class='ocrx_word' id='word_1_493' title='bbox 1926 2650 1958 2677; x_wconf 86' lang='lat' dir='ltr'>et</span> 
     </span>
    </p>
   </div>
  </div>
 </body>
</html>
