2336 3074
944 250 954 251 c
1007 196 1130 250 4547?

115 307 238 337 tentum
276 302 373 337 debet
410 313 627 336 conservare.
669 301 872 343 Secundum,
908 300 994 346 quod
1033 299 1174 334 famulos
1211 302 1396 333 servitores
1435 301 1580 344 ipsorum
1619 298 1751 333 valeant
1787 303 1820 333 et
1847 301 1976 345 possint

115 374 237 410 capere
266 367 299 397 et
327 362 476 396 detinere
505 365 586 397 sicut
618 366 726 396 antea.
757 361 925 398 Tercium.
955 360 1041 406 quod
1071 363 1098 394 si
1127 360 1244 406 aliquis
1273 371 1317 394 ex
1345 358 1525 394 baronibus
1550 361 1616 404 juri
1645 371 1766 405 parere
1790 359 1891 394 nollet
1911 371 1973 393 nec

114 434 155 458 eo
184 427 382 462 contentari.
412 428 536 458 extunc
564 422 713 469 prefatus
743 423 893 457 dominus
923 421 1071 455 marchio
1101 420 1202 461 iilum,
1233 423 1283 454 cui
1309 421 1364 464 jus
1394 424 1550 465 negatum
1581 419 1691 461 fuerit,
1721 431 1795 454 cuin
1825 419 1979 454 omnibns

115 484 256 517 dominis
277 483 457 518 baronibus
478 488 507 516 et
529 494 587 517 sua
609 493 812 529 promovere
832 487 865 516 et.
880 483 1002 526 juvare
1023 485 1186 527 potestate
1208 491 1311 526 usque
1331 480 1600 515 satisfaccionem
1617 482 1752 524 justicie
1767 482 1865 525 justis
1892 508 1898 514 .
1918 508 1924 514 .
1944 507 1950 514 .
1971 508 1977 514 .

426 561 725 595 (Pei-gamentstreifcn
758 561 807 586 init
837 560 1052 594 gleichzeitigm·
1084 559 1190 586 Schrift
1221 560 1249 585 in
1282 559 1331 585 der
1363 558 1556 585 Boeek’svhen
1589 560 1755 593 Saminlung
1787 569 1813 586 n.
1849 560 1906 585 517
1942 559 1976 584 ini

530 613 616 638 iniilii:
642 612 882 638 Laudesarcliive.
908 612 980 637 Vide
1005 612 1059 637 (len
1083 611 1201 638 Schluss
1225 611 1274 637 der
1298 611 1484 645 Aninerkuiig
1509 621 1542 636 zu
1568 621 1593 636 ιι.
1620 612 1703 645 522³.)

994 756 1101 792 531.

802 859 861 893 Dt.
892 851 1043 903 Zebrdlc,
1074 858 1173 893 1388
1200 871 1228 893 s.
1259 860 1290 893 d.

273 936 423 990 Rudolf
446 956 583 1001 Herzog
611 967 650 989 zu
681 955 832 990 Sachsen
861 955 925 989 und
955 954 1147 999 Liineburg.
1184 953 1432 988 Erzmarscliall
1461 954 1520 988 des
1549 953 1580 987 h.
1611 953 1800 987 romischen
1830 954 1977 989 Reiches

117 1016 275 1052 bekennt.
305 1016 381 1050 dass
411 1028 459 1059 er,
488 1027 588 1050 wenn
618 1015 657 1049 Κ.
683 1016 827 1049 Vt'enzel
856 1015 943 1060 „daz
971 1015 1095 1060 heilige
1124 1014 1291 1049 romische
1320 1014 1412 1048 reich
1442 1013 1588 1059 ufgeben
1617 1014 1736 1047 wurde
1759 1042 1765 1047 .
1788 1042 1794 1048 .
1818 1042 1824 1048 .
1850 1043 1855 1048 .
1878 1018 1976 1048 einen

118 1077 223 1110 under
251 1080 367 1111 seinen
395 1076 542 1110 brudern
571 1076 653 1110 oder
682 1079 779 1110 einen
808 1076 914 1110 under
942 1078 1036 1109 sinen
1064 1079 1209 1118 vettern,
1239 1074 1317 1108 den
1348 1073 1643 1119 marggrafen
1672 1085 1757 1108 von
1786 1074 1976 1117 Merern,

118 1136 273 1171 welchen
301 1137 409 1170 under
437 1136 500 1170 den
530 1148 567 1170 er
594 1136 706 1170 wolde
734 1136 799 1170 und
828 1135 938 1170 kore“
965 1135 1019 1169 bei
1048 1135 1108 1169 der
1126 1134 1229 1168 Wahl
1259 1138 1351 1168 eines
1381 1134 1570 1169 romischen
1590 1134 1719 1180 Konigs
1747 1140 1975 1169 unterstiitzen

119 1197 182 1231 und
213 1196 278 1231 ihm
308 1199 401 1231 seine
431 1196 570 1230 Stimme
599 1196 709 1241 geben
738 1196 850 1231 wolle.
880 1196 934 1230 Dt.
965 1207 1025 1230 czu
1053 1195 1166 1229 Betler
1196 1194 1307 1229 1388.

430 1275 627 1309 (Abgedruckt
653 1276 679 1300 in
705 1275 824 1301 Pelzel‘s
851 1275 884 1300 K.
912 1275 1039 1306 XVenzel,
1064 1274 1308 1305 L'rkuudeubnch,
1334 1274 1357 1300 Ι.
1384 1283 1409 1307 p.
1435 1274 1500 1308 8⁰5.)

992 1428 1099 1463 5:32.

160 1533 203 1567 K.
242 1531 383 1567 ll'enz-el
411 1531 475 1566 [Γ.
505 1532 656 1566 schreibt
683 1544 726 1565 αη
758 1533 820 1566 den
851 1532 956 1566 Pabst
986 1543 1099 1575 weyen
1131 1531 1326 1575 Besetzzmq
1355 1531 1414 1565 des
1447 1530 1620 1564 Olmz'ztz-er
1651 1530 1935 1575 Be'sclzofstulzle&

837 1592 894 1626 Dt.
928 1591 1027 1626 1388
1053 1604 1080 1626 s.
1112 1592 1132 1626 l.
1164 1595 1198 1625 et
1225 1592 1255 1625 cl.

276 1672 516 1723 Sanctissime
553 1693 646 1734 pater
675 1694 705 1722 et
740 1689 872 1723 domine
900 1687 1203 1722 reverendissime!
1241 1686 1325 1720 Pura
1355 1686 1449 1729 fides,
1485 1690 1634 1720 inmensa
1664 1687 1795 1721 devotis
1824 1692 1856 1721 et
1884 1688 1975 1722 zelus

118 1752 352 1783 sincerissimae
381 1752 539 1783 caritatis.
574 1749 690 1794 quibus
719 1752 822 1783 nostri
851 1751 996 1794 pectoris
1026 1747 1188 1781 thalamus
1217 1747 1374 1781 ardenter
1403 1758 1566 1781 accensus
1594 1750 1738 1792 suspirat
1765 1748 1804 1781 ad
1835 1748 1977 1793 singula„

119 1820 190 1855 quae
218 1808 256 1843 B.
280 1809 322 1842 V.
352 1813 484 1843 statum.
514 1809 723 1843 commodum
754 1814 786 1842 et
814 1808 976 1842 honorem
1006 1811 1222 1854 prospiciunt7
1252 1812 1283 1841 et
1312 1819 1384 1853 quae
1404 1812 1525 1841 vestrae
1549 1812 1623 1841 sunt
1643 1807 1821 1842 voluntatis
1842 1808 1978 1842 arbitrio

118 1870 290 1916 placitura.
329 1869 446 1914 quibus
475 1872 573 1903 etiam
603 1874 801 1903 reverentes
831 1869 995 1914 diligimus
1024 1873 1054 1901 et
1085 1868 1260 1913 diligentes
1289 1871 1441 1901 revereri
1479 1870 1694 1913 concupimus
1723 1872 1845 1901 vestrae
1882 1868 1978 1902 nobis

118 1941 271 1976 personae
300 1933 499 1974 gratissimae
528 1930 757 1964 Sanctitatem.
788 1929 883 1963 nobis
912 1928 1059 1975 praebent
1088 1928 1240 1962 fiduciam
1269 1933 1369 1962 certae
1398 1931 1480 1973 spen
1510 1932 1544 1961 ut
1563 1931 1590 1961 si
1610 1932 1757 1961 nostram
1783 1928 1978 1974 plerumque

120 1993 352 2036 prosequimur
368 1990 587 2032 voluntatem„
617 1995 763 2036 paternae
783 1993 913 2036 pietatis
934 1990 1086 2032 dulcedo,
1117 2000 1212 2034 quam
1234 1991 1356 2022 invitus
1376 1991 1408 2021 in
1429 1987 1590 2033 aliquibus
1610 1988 1773 2022 vellemus
1794 1989 1977 2024 offendere.

119 2051 174 2084 vel
212 2055 309 2084 etiam
349 2055 504 2096 quantum
544 2053 575 2084 in
610 2049 706 2084 nobis
744 2054 775 2084 et
810 2061 997 2096 possumus,
1035 2054 1227 2096 pateremur
1262 2048 1393 2091 offendit
1434 2047 1628 2091 dissimulet,
1666 2052 1699 2082 et
1734 2060 1772 2082 ea
1811 2049 1902 2083 velit.
1945 2054 1977 2082 ut

119 2109 326 2154 confidimus,
357 2113 584 2156 aequaniniiter
612 2111 769 2144 tolerare.
800 2109 881 2144 Cum
910 2113 1019 2155 itaque
1040 2109 1076 2144 B.
1099 2109 1139 2143 V.
1162 2113 1336 2143 vacantem
1358 2108 1484 2154 pridem
1507 2107 1766 2142 olomucensem
1787 2109 1976 2145 ecelesiam.

120 2182 192 2216 quae
220 2173 421 2217 praecipuum
451 2174 546 2216 regni
567 2173 672 2204 nostri
692 2182 722 2204 n.
745 2170 927 2204 dinoscitur
947 2181 1023 2204 esse
1044 2170 1240 2213 membrum‚
1270 2181 1329 2215 per
1348 2168 1552 2202 venerabilis
1580 2168 1742 2202 Johannis
1762 2180 1794 2203 n.
1817 2172 1977 2214 episcopi.

119 2233 276 2277 principis
305 2236 338 2265 et
365 2234 605 2276 consanguinei
635 2232 746 2265 devoti
775 2234 878 2265 nostri
917 2231 1037 2273 dilectiq
1075 2231 1290 2265 translatione
1327 2230 1366 2263 ad
1403 2230 1555 2271 eandem,
1595 2229 1679 2274 (sic)
1709 2234 1740 2263 et
1769 2232 1978 2275 promotione

119 2291 231 2325 devoti
260 2294 365 2325 nostri
393 2291 503 2325 dilecti
531 2303 563 2325 n.
595 2302 736 2325 camerae
764 2296 886 2325 nostrae
915 2293 1087 2325 secretarii
1117 2290 1156 2324 ad
1185 2302 1216 2324 n.
1248 2301 1279 2324 n.
1310 2301 1448 2335 quorum
1477 2293 1590 2335 utique
1619 2288 1788 2335 profectus
1818 2294 1848 2322 et
1874 2294 1977 2323 status

120 2351 369 2394 exaltationem,
399 2352 438 2385 ad
468 2352 533 2386 hoc
561 2363 621 2386 nos
652 2350 860 2385 monentibus
889 2354 989 2385 certis
1018 2353 1139 2387 causis
1178 2350 1377 2384 cordialibus
1411 2350 1585 2384 desideriis
1623 2349 1827 2392 affectamus.
1866 2349 1902 2383 B.
1933 2349 1976 2383 V.

119 2412 246 2446 litteras
275 2416 307 2445 et
336 2415 475 2446 nuncios
503 2417 636 2446 nostros
669 2411 846 2457 replicatos
880 2412 1074 2454 direximus,
1111 2410 1228 2456 quibus
1265 2409 1304 2444 B.
1333 2410 1374 2444 V.
1406 2410 1495 2444 clare
1533 2413 1656 2444 sentire
1694 2412 1809 2455 potuit,
1848 2412 1978 2455 quantis

120 2471 306 2515 desideriiS‚
336 2477 525 2518 quantoque
554 2472 665 2506 cordis
694 2472 813 2505 affectu
842 2482 913 2505 rem
942 2471 1130 2515 hujusmodi
1159 2471 1199 2504 ad
1228 2475 1337 2504 actum
1367 2470 1485 2504 deduci
1514 2473 1724 2516 speravimus
1744 2472 1978 2515 concupitum}

121 2543 262 2577 cumque
292 2531 413 2566 factum
443 2533 631 2578 hujusmodi
660 2532 752 2566 cordi
782 2531 876 2566 nobis
905 2531 1038 2565 multum
1062 2531 1213 2573 insideat„
1243 2534 1275 2564 in
1296 2541 1360 2576 quo
1382 2530 1584 2564 voluntatem
1605 2534 1752 2563 nostram
1774 2534 1806 2563 et
1825 2529 1978 2563 effectum

120 2595 171 2626 rei
206 2592 452 2626 consideratum
490 2605 508 2627 a
543 2593 650 2635 nobis,
695 2594 800 2637 cujus3
844 2595 1023 2634 nescimus,
1061 2594 1187 2625 intuitu.
1232 2594 1390 2638 sentimus
1433 2589 1593 2624 hactenns
1627 2592 1658 2623 in
1696 2600 1837 2634 gravem
1875 2592 1979 2623 nostri

121 2652 360 2698 displicentiam
390 2653 559 2699 impediri:
590 2653 626 2687 Β.
658 2652 742 2697 Vff-'E9
772 2653 812 2686 de
844 2664 906 2698 qua
928 2658 1036 2686 tamen
1058 2655 1148 2685 certa
1170 2653 1417 2697 presumptione
1438 2650 1644 2693 confidimus,
1674 2653 1800 2684 iteratis
1827 2653 1980 2694 cogimur

1774 2717 1825 2741 57*
