2336 3074
979 219 1114 273 —549

1055 374 1096 410 2.

154 476 266 519 Cenelc
303 495 369 518 von
407 483 494 530 Lipa
530 487 696 529 qestattet
731 485 803 518 dem
845 485 1187 530 Aetqztsle‘nerlcloster
1229 489 1263 521 in
1303 488 1457 522 Kromna
1495 489 1549 523 die
1588 490 1765 524 Fiseloeerez'
1808 492 1849 524 im
1889 491 2008 525 Flusse

553 544 694 590 Rotz'qel
716 547 776 590 fiir
804 547 910 590 ewz‘ye
940 546 1070 581 Zee'len.
1103 547 1160 583 Dt.
1191 547 1251 582 30.
1283 548 1359 582 Mai
1387 548 1496 584 1358.
1526 562 1553 583 s.
1585 550 1606 584 l.

305 620 393 676 Nos
442 639 578 676 Ozenko
624 641 666 674 de
707 640 799 687 Lypa
846 653 1020 687 supremus
1062 646 1157 687 regni
1200 643 1369 678 Bohemiae
1415 645 1598 679 marsalcus
1640 646 1679 679 ad
1723 651 1917 692 perpetuam
1959 650 2006 680 rei

151 703 342 735 memoriam
382 704 560 744 universis,
609 701 649 735 ad
688 712 770 746 quos
814 706 996 747 praesentes
1032 706 1249 749 pervenerint
1284 704 1437 739 volumus
1475 704 1547 739 fore
1585 710 1708 740 notum.
1757 706 1853 748 Quod
1897 707 2008 741 divina

149 760 244 797 nobis
278 761 414 797 favente
443 762 618 796 clementia
648 766 680 796 et
708 773 768 808 pro
797 762 882 805 zelo,
921 774 1017 808 quem
1057 763 1097 797 ad
1126 763 1283 798 devotum
1313 765 1463 799 ordinem
1493 765 1631 799 fratrum
1661 769 1874 800 eremitarum
1903 770 2008 801 sancti

150 823 330 867 Augustini
359 822 520 857 hahemus
549 827 583 857 et
610 821 737 856 habere
766 822 970 857 dinoscimur
997 834 1036 857 ac
1065 823 1107 857 ob
1146 827 1369 859 reverentiam
1408 828 1543 871 pretiosi
1580 829 1731 872 corporis
1768 831 1801 860 et
1839 830 2008 872 sanquinis

151 882 272 917 Christi
289 886 460 929 sanctique
480 882 706 917 Bartholomei
736 883 888 929 apostoli,
918 894 1057 928 quorum
1078 884 1138 918 sub
1168 885 1258 919 titulo
1287 897 1331 919 ex
1360 886 1495 932 speciali
1524 886 1711 921 devotionis
1740 887 1860 922 affectu
1888 888 2008 928 locum,

150 946 386 978 monasterium
423 946 496 978 sive
533 948 736 978 conventum
774 946 995 978 instauramus
1032 949 1063 978 et
1101 944 1276 979 fundamus
1313 946 1408 980 dictis
1444 945 1600 981 fratribus
1639 950 1786 981 eremitis
1814 950 1847 982 in
1875 951 2009 982 civitate

150 1008 263 1038 nostra
300 1003 528 1048 Chrommaw,
566 1004 786 1050 volentesque
824 1006 903 1050 ipsis
941 1005 981 1038 de
1016 1007 1219 1039 necessariis
1254 1005 1527 1051 congruentibuS‚
1565 1010 1600 1040 ut
1628 1010 1791 1051 tenemur,
1828 1011 2009 1053 gratiosius

150 1064 342 1110 providere,
377 1070 538 1110 quatenus
567 1075 607 1098 eo
637 1064 772 1098 liberius
802 1064 922 1099 divinis
959 1070 1081 1099 vacent
1108 1068 1274 1100 servitiis:
1318 1066 1442 1100 idcirco
1477 1066 1517 1100 de
1553 1066 1639 1100 hona
1676 1067 1845 1101 voluntate
1883 1073 2008 1106 nostra,

150 1128 241 1158 certa
269 1127 408 1158 scientia
445 1136 572 1171 speque
601 1124 718 1158 futurae
747 1128 1025 1159 remunerationis
1054 1126 1218 1171 praedictis
1247 1125 1404 1160 fratribus
1442 1126 1557 1161 damus
1594 1126 1700 1161 libere
1740 1132 1772 1161 et
1806 1128 2009 1162 conferimus

151 1188 362 1230 praesentium
390 1185 450 1220 suh
479 1190 596 1220 tenore
624 1188 840 1232 piscationem
870 1197 930 1220 seu
958 1189 1158 1232 piscaturam
1187 1185 1247 1220 sub
1277 1189 1411 1220 civitate
1439 1191 1553 1221 nostra
1574 1186 1791 1222 Chrommaw
1811 1191 1843 1222 in
1864 1188 2009 1231 flumine,

152 1245 238 1291 quod
276 1245 461 1291 vulgariter
497 1251 706 1292 nuncupatur
742 1246 891 1292 Rotygel
925 1250 1049 1280 circum
1088 1249 1255 1280 civitatem
1294 1247 1483 1292 praedictam
1527 1252 1559 1281 et
1605 1259 1623 1281 a
1665 1251 1791 1294 piscina
1828 1260 1932 1294 usque
1969 1249 2007 1282 ad

151 1309 311 1352 piscinam
340 1311 499 1351 nostram,
529 1318 592 1352 que
616 1308 707 1351 jacet
736 1306 796 1341 sub
826 1307 902 1341 villa
932 1312 1044 1341 nostra
1074 1307 1274 1352 Tumpnaw7
1304 1319 1321 1341 a
1351 1307 1415 1341 fine
1444 1318 1548 1353 usque
1573 1308 1613 1341 ad
1634 1307 1731 1341 finem
1752 1311 1784 1342 111
1804 1309 2008 1354 longitudine

151 1371 184 1401 et
224 1367 393 1401 latitudine
434 1378 479 1401 ex
519 1372 659 1413 utraque
700 1373 806 1414 parte‚
850 1371 892 1401 ita
934 1368 1020 1413 quod
1058 1367 1213 1412 praeslicta
1254 1370 1421 1413 piscatura
1459 1369 1498 1402 ad
1542 1368 1732 1414 praedictum
1771 1372 2007 1403 monasterium

151 1431 375 1474 supranotatis
403 1427 561 1463 fratribus
589 1433 749 1475 perpetue
778 1433 932 1474 spectare
962 1428 1090 1462 debeat.
1144 1427 1203 1461 His
1232 1427 1443 1463 nihilominus
1472 1428 1622 1473 adjectis‚
1657 1429 1743 1474 quod
1773 1429 1859 1463 idem
1889 1429 2009 1463 fratres

151 1500 211 1535 per
239 1500 277 1524 se
305 1489 360 1523 vel
388 1500 449 1535 per
477 1500 567 1532 suos,
598 1500 681 1534 quos
709 1489 749 1522 ad
780 1488 844 1522 hoc
880 1488 1055 1533 elegerint,
1093 1498 1153 1534 pro
1191 1491 1393 1522 necessitate
1430 1500 1613 1534 eorumque
1651 1489 1773 1523 familia
1811 1494 1843 1523 et
1878 1500 1944 1523 non
1978 1493 2008 1523 111

151 1550 233 1584 alios
262 1561 340 1583 usus
368 1552 499 1595 piscare
528 1554 727 1595 praesumant
756 1554 788 1583 et
817 1549 881 1583 hoc
910 1551 1171 1594 quotiescunque
1201 1550 1249 1582 eis
1277 1551 1504 1582 necessarium
1534 1549 1633 1583 fuerit
1671 1554 1702 1583 et
1730 1549 1897 1584 videbitur
1934 1561 2009 1584 esse

152 1615 360 1656 oportunum.
391 1609 626 1644 Promittentes
655 1613 789 1656 insuper
809 1621 869 1655 pro
890 1608 984 1643 nobis
1004 1614 1036 1642 et
1056 1611 1134 1654 ipsis
1154 1610 1276 1642 nostris
1297 1608 1474 1643 heredibus
1495 1613 1527 1643 et
1548 1609 1800 1644 successoribus
1820 1611 2008 1656 praedictam

152 1673 369 1716 piscationem
408 1681 426 1703 a
463 1670 550 1704 dicto
589 1673 791 1704 monasterio
828 1682 867 1704 ac
905 1672 984 1715 ipsis
1020 1668 1174 1703 fratribus
1212 1680 1389 1714 numquam
1427 1673 1595 1716 perpetuis
1631 1670 1834 1716 temporibus
1863 1672 2009 1704 alienare

152 1742 215 1765 nec
243 1730 380 1765 eosdem
418 1730 589 1776 impedire.
646 1730 691 1765 Ut
718 1735 827 1764 autem
858 1730 954 1774 hujus
992 1735 1113 1763 nostrae
1142 1729 1328 1763 donationis
1365 1733 1472 1774 gratia
1502 1742 1519 1763 a
1548 1731 1638 1765 1111110
1667 1734 1870 1777 inposterum
1901 1732 2007 1765 valeat

153 1790 289 1835 infringi
317 1802 379 1824 nec
408 1802 490 1824 ausu
518 1793 697 1825 temerario
727 1791 859 1833 violari,
890 1791 1056 1824 dominum
1085 1794 1115 1823 et
1145 1792 1287 1823 amicum
1308 1795 1457 1824 nostrum
1478 1790 1693 1825 Czenkonem
1714 1792 1835 1825 dictum
1857 1791 2008 1838 Crusyna

153 1856 186 1886 et
205 1851 421 1885 Withelmum
452 1851 492 1885 de
512 1850 726 1898 Talemperg,
757 1851 937 1886 Henricum
967 1851 1007 1885 de
1036 1850 1171 1884 Nosticz
1200 1853 1231 1884 in
1257 1850 1485 1894 Chrommaw,
1514 1851 1711 1886 Benessium
1741 1852 1781 1886 de
1810 1851 2009 1898 Zdyslawcz

153 1915 186 1946 in
213 1912 360 1958 Lypnicz
389 1911 579 1958 purchrabii
608 1917 640 1946 et
668 1911 830 1946 officiales
859 1914 962 1946 nostri
992 1910 1090 1957 (sic),
1119 1915 1151 1943 111
1181 1921 1293 1943 coram
1315 1913 1362 1944 eis
1382 1910 1488 1955 fieret,
1518 1915 1716 1946 vocavimus
1735 1915 1768 1946 in
1789 1915 2007 1947 testimonium

154 1975 314 2007 veritatis.
350 1971 386 2006 In
415 1973 509 2016 cujus
538 1971 640 2006 robur
668 1977 863 2018 perpetuum
894 1972 953 2006 lias
982 1971 1187 2017 supradictas
1215 1970 1328 2004 literas
1358 1970 1514 2006 fratribus
1547 1975 1650 2006 nostri
1679 1972 1777 2017 sigilli
1806 1975 2009 2019 appensione

154 2032 293 2067 fecimus
322 2035 518 2066 communiri
547 2044 611 2066 una
640 2044 713 2066 cum
743 2035 948 2079 appensione
976 2032 1158 2076 sigillorum
1188 2033 1317 2064 testium
1356 2032 1632 2077 supradictorum.
1670 2033 1792 2066 Actum
1831 2038 1862 2067 et
1900 2033 2008 2067 datum

154 2103 241 2126 anno
270 2092 392 2126 (101111111
421 2093 594 2126 millesimo
625 2096 860 2127 trecentesimo
890 2094 1164 2138 quinquagesimo
1200 2096 1333 2134 octavo,
1372 2091 1454 2126 feria
1492 2097 1607 2138 quarta
1636 2098 1710 2139 post
1739 2093 1858 2128 festum
1888 2099 2010 2128 sanctae

155 2155 319 2187 trinitatis.

465 2204 618 2242 (Einfaehe
643 2205 791 2231 Absehrift
815 2215 865 2231 aus
891 2206 950 2231 (lein
979 2206 1025 2232 lt.
1049 2204 1150 2230 Jahrb.
1175 2204 1211 2229 im
1237 2204 1323 2229 iniilir.
1350 2205 1602 2239 Lamlesnrchive.)

1067 2358 1108 2393 3.

159 2452 272 2494 (fenals
298 2472 364 2495 von
394 2461 480 2507 Lz‘pa
507 2462 648 2496 schenkl
676 2463 749 2496 dem
778 2461 1121 2506 Aayetstz'nerlcloster
1150 2462 1181 2494 ιή
1212 2462 1367 2495 Kromau
1397 2463 1493 2495 einen
1525 2461 1600 2506 Hof
1624 2462 1690 2495 mul
1722 2460 1943 2506 l‘Veinqarten
1975 2464 2006 2495 in

690 2523 861 2557 Dobelitz.
896 2522 954 2556 Dt.
986 2522 1078 2567 Praq
1106 2521 1139 2556 6.
1173 2521 1332 2555 Ρεὸνιιαν
1365 2520 1475 2555 1360.

313 2596 359 2650 ¹11
397 2619 529 2651 nomine
566 2617 689 2652 domini
726 2628 834 2651 amen.
878 2616 1121 2651 Universorum
1160 2615 1240 2650 deus
1277 2616 1427 2650 conditor
1465 2621 1497 2650 et
1534 2621 1661 2650 amator
1703 2620 1886 2651 animarum
1929 2629 2008 2651 sam·

157 2676 308 2711 omnibus
336 2676 445 2722 legem
476 2679 508 2711 111
537 2678 715 2724 primordio
746 2678 943 2712 conditionis
974 2679 1120 2720 instituit,
1159 2680 1191 2710 ut
1229 2679 1310 2710 sicut
1340 2675 1380 2710 ab
1409 2687 1473 2710 uno
1502 2687 1538 2711 se
1568 2681 1706 2711 noscant
1736 2682 1868 2712 creatos
1897 2680 1938 2711 ita
1969 2679 2008 2710 ad
