2336 3074
1001 199 1074 232 :307

103 307 263 351 prepositi
293 309 325 337 et
353 305 485 351 capituli
515 306 706 338 monasterii
743 307 857 337 sancte
887 302 992 337 Mai-ie
1022 305 1053 335 in
1083 303 1270 349 Sternberg
1308 304 1424 347 sigillis
1463 307 1651 337 testimonio
1690 304 1870 337 literarum.
1928 302 1969 336 Et

103 366 200 410 hujus
229 368 277 399 rei
309 370 410 399 testes
439 370 514 399 sunt
542 365 670 398 nobiles
700 364 821 397 domini
842 363 960 397 Petrus
989 368 1021 397 et
1048 364 1196 397 Joaunes
1226 364 1346 397 fratres
1376 365 1416 397 (le
1438 365 1536 399 Rosis
1557 369 1589 398 et
1610 364 1823 398 honorabiles
1845 364 1968 397 domiui

105 429 265 471 magister
294 425 466 459 Sanderus
495 425 751 459 archidiaconus
780 424 1013 458 Preroviensis
1043 428 1074 456 et
1103 426 1285 457 canonicus
1315 424 1561 460 (tioium-ensis
1592 425 1744 458 dominus
1774 423 1967 458 Archlebus

100 487 251 520 similiter
280 489 461 520 canonicus
491 486 737 527 Otomucensis‚
767 489 799 518 et
828 484 992 518 discretus
1020 483 1168 517 Joannes
1197 484 1357 529 plebanus
1388 488 1418 518 in
1450 485 1701 519 Sudomerzicz.
1724 484 1965 518 baccalaureus

102 550 133 580 in
162 546 286 580 artibus
316 551 348 580 et
386 549 534 580 notarius
563 548 665 591 ipsius
702 545 824 578 domini
854 544 940 578 Petri
980 549 1012 577 et
1046 544 1099 577 alii
1135 556 1233 589 quam
1271 545 1383 590 plures
1422 545 1484 578 liile
1523 546 1624 590 digni.
1682 545 1768 579 Acta
1799 551 1871 580 sunt
1903 545 1966 579 hec

100 617 187 640 anuo
217 609 462 640 incarnacionis
500 606 622 639 domini
660 607 763 639 nostri
792 605 873 639 Jesu
911 604 1033 638 Christi
1073 605 1245 638 millesimo
1290 608 1526 639 trecentesimo
1564 609 1794 651 octuagesimo
1833 610 1963 651 quarto„

99 667 230 702 decimo
258 669 400 712 septimo
429 665 593 700 Calendas
623 665 790 699 Octobris.

410 753 500 788 (Orig.
524 753 606 787 Perg.
633 753 650 778 2
675 752 702 777 11.
726 752 754 780 S.
778 753 806 777 in
832 752 885 777 den
910 752 1005 778 Akteu
1031 753 1079 778 des
1104 752 1290 786 Sternberger
1313 752 1387 786 Aug,
1413 753 1459 777 Kl.
1484 753 1519 778 im
1545 753 1799 788 Laudesarchive.)

970 949 1080 985 335.

96 1050 217 1096 Hynelc
245 1062 310 1085 von
346 1050 538 1085 ΠἾιΜείεἱηΥ
569 1052 780 1097 cerpslicletet
806 1052 880 1086 sicle
904 1054 964 1097 fiii·
1001 1053 1057 1086 die
1085 1052 1285 1086 erlealtenen
1318 1053 1423 1086 Giiter
1455 1053 1567 1097 Tyteec
1597 1054 1666 1086 med
1694 1053 1858 1098 Nemlorf
1882 1055 1957 1087 dem

271 1111 499 1157 Marquafen
527 1112 641 1146 Jodolt
669 1124 710 1146 z-ec
739 1115 859 1146 [renen
890 1112 1068 1147 Dz'ensten.
1108 1113 1166 1147 Dt.
1197 1113 1317 1146 Brit'me
1348 1113 1408 1147 21.
1439 1113 1643 1158 September
1674 1113 1783 1148 1384.

253 1187 348 1253 Ego
376 1207 486 1242 Hinko
516 1208 556 1242 de
585 1208 777 1254 VValsteyn,
807 1220 1018 1253 recognosco
1048 1208 1257 1254 presentibus
1278 1212 1456 1243 universis.
1489 1209 1584 1251 Quod
1612 1214 1750 1255 propter
1771 1209 1959 1243 munificam

94 1272 256 1314 graciam,
295 1280 356 1315 qua
399 1269 639 1302 illustrissimus
681 1272 837 1315 princeps
879 1274 912 1303 et
953 1269 1117 1312 dominus,
1156 1269 1308 1304 dominus
1351 1269 1499 1304 Jodocus
1541 1271 1690 1303 marchio
1733 1274 1765 1303 et
1807 1270 1959 1303 dominus

94 1328 259 1372 inm-avie,
289 1340 382 1364 meus
412 1329 564 1364 dominus
592 1332 781 1374 graciosus,
811 1341 863 1363 me
893 1334 925 1363 et
954 1341 1027 1363 mea
1056 1333 1213 1367 serviciaq
1244 1342 1307 1376 que
1336 1331 1397 1365 sibi
1427 1330 1575 1374 exhibui,
1596 1329 1741 1364 exhibeo
1763 1335 1793 1363 et
1821 1335 1959 1364 auctore

94 1390 227 1424 domino
256 1392 387 1424 inantea
417 1389 558 1424 fideliter
586 1390 767 1434 exhibebo‚
797 1393 829 1424 in
858 1390 1045 1424 donacione
1074 1390 1237 1424 bonorum
1267 1391 1416 1437 Tynecz‚
1446 1390 1637 1433 Novevssle„
1659 1395 1691 1424 et
1718 1390 1871 1433 aliorum,
1893 1401 1957 1435 que

92 1455 246 1496 pretextu
278 1461 427 1485 meorum
464 1450 699 1496 obsequiorum
739 1450 779 1484 ab
817 1453 888 1496 ipso
927 1450 1073 1488 obtineQ
1112 1454 1307 1496 prospicere
1343 1456 1394 1485 est
1429 1451 1596 1496 dignatus,
1626 1455 1659 1483 ut
1697 1453 1829 1484 inantea
1868 1450 1953 1484 idem

93 1522 187 1544 meus
226 1511 378 1545 dominus
416 1511 457 1545 de
491 1522 544 1545 me
589 1516 621 1545 et
659 1513 740 1545 meis
778 1510 947 1556 obsequiis
983 1510 1131 1544 obtineat
1174 1511 1325 1545 fiduciam
1369 1514 1568 1553 cerciorem,
1607 1514 1716 1544 animo
1760 1510 1956 1551 deliberato„

92 1571 262 1606 voluntate
290 1571 394 1605 libera
423 1583 463 1605 ac
492 1571 532 1605 de
570 1576 660 1605 certa
699 1583 772 1605 mea
809 1574 955 1605 sciencia
993 1574 1129 1617 promisi
1167 1577 1198 1605 et
1236 1583 1296 1617 per
1333 1576 1508 1617 presentes
1546 1571 1631 1604 bona
1671 1570 1734 1604 fide
1771 1573 1843 1605 sine
1880 1571 1957 1604 dolo

90 1635 259 1678 promitto,
289 1636 445 1678 pretextu
474 1632 667 1676 largicionis
697 1631 883 1666 huiusmodi
912 1632 1031 1677 prefati
1061 1635 1218 1677 principis
1248 1632 1371 1665 domini
1401 1634 1465 1665 mei
1495 1643 1629 1677 semper
1658 1631 1740 1673 fieri,
1772 1631 1812 1664 de
1851 1634 1954 1676 ipsius

90 1692 252 1738 obsequio
282 1703 493 1738 quocumque
514 1693 627 1726 colore
648 1696 777 1738 quesito
798 1704 864 1726 uon
885 1692 1029 1729 extrahi.
1051 1692 1112 1726 sibi
1133 1697 1165 1726 et
1184 1703 1250 1725 non
1271 1692 1365 1725 alteri
1387 1691 1550 1725 adversus
1571 1691 1751 1736 quemlibet
1772 1691 1955 1733 hominem7

91 1756 329 1798 cuiuscumque
359 1757 474 1797 status‚
504 1753 672 1797 dignitatis
701 1764 760 1787 seu
789 1753 994 1786 condicionis
1024 1756 1157 1795 existat„
1179 1752 1241 1786 fide
1271 1757 1302 1786 et
1332 1752 1508 1796 diligencia
1530 1751 1694 1793 famularii
1716 1751 1838 1784 bonum
1859 1762 1955 1784 suum

89 1824 293 1860 promovere
323 1812 444 1858 ubique
473 1818 505 1847 et
533 1813 653 1846 malum
684 1825 822 1856 cavere,
851 1824 911 1858 pro
941 1816 1030 1846 omni
1060 1813 1188 1846 honore
1218 1816 1319 1858 ipsius
1349 1817 1381 1845 et
1401 1812 1543 1845 comodo
1565 1823 1617 1845 me
1638 1811 1778 1845 viriliter
1799 1812 1955 1857 periculis

89 1885 263 1921 exponere
292 1878 323 1907 et
353 1874 448 1908 nullis
477 1877 545 1908 suis
574 1874 745 1908 affectibus
766 1877 945 1908 contraire.
968 1873 1084 1907 nolens
1114 1873 1239 1906 incolas
1266 1884 1326 1906 seu
1346 1871 1585 1905 inhabitatores
1607 1872 1769 1904 dictorum
1790 1870 1953 1905 bonorum

89 1937 316 1977 exaccionari‚
346 1945 405 1968 seu
435 1934 613 1980 depactare
651 1935 898 1979 quoquomodo,
928 1934 983 1968 vel
1022 1933 1224 1967 novitatibus
1263 1937 1294 1966 et
1330 1935 1498 1978 pressuris
1535 1935 1738 1977 opprimere.
1768 1932 1827 1965 sed
1864 1935 1953 1965 circa

83 1996 160 2040 jura
189 1999 306 2029 vetera
336 1999 367 2028 et
396 1997 547 2040 antiquas
576 1994 776 2040 approbatas
806 1994 1064 2028 consuetudines
1102 1997 1133 2027 in
1172 1993 1339 2029 censibus.
1370 1992 1494 2035 usibus‚
1524 1991 1650 2026 robotis
1686 1996 1718 2025 et
1757 1992 1828 2025 aliis
1864 2003 1952 2037 pro—

87 2054 242 2089 ventibus
271 2057 323 2100 pie
353 2066 392 2088 ac
421 2058 569 2101 propicie
599 2066 818 2088 conservare.
848 2054 884 2088 In
914 2059 1071 2088 eventum
1101 2065 1197 2096 vero,
1218 2053 1272 2086 ubi
1299 2053 1360 2087 sibi
1389 2064 1448 2086 seu
1469 2051 1721 2086 successoribus
1742 2055 1810 2086 suis
1830 2052 1950 2085 nollem

88 2118 222 2149 servire
250 2115 399 2158 ulterius7
429 2119 606 2161 antequam
635 2115 809 2148 licenciam
839 2115 880 2148 ab
910 2117 981 2160 ipso
1012 2117 1170 2159 recipiam
1200 2124 1286 2147 anno
1316 2116 1406 2159 prius
1436 2113 1546 2146 medio
1569 2115 1790 2146 municionem
1813 2112 1950 2157 Tynecz

87 2187 161 2210 cum
191 2175 342 2210 omnibus
371 2176 458 2209 villis
486 2180 519 2209 et
547 2176 738 2221 specialiter
766 2175 1023 2216 Nouamvillaim
1054 2178 1150 2219 prout
1179 2173 1219 2207 ab
1249 2185 1289 2207 eo
1318 2177 1351 2207 in
1380 2176 1629 2219 possessiouem
1659 2175 1784 2218 recepi.
1807 2175 1839 2205 in
1860 2175 1949 2205 omni

86 2247 227 2281 genere„
256 2247 466 2281 quocumque
495 2236 695 2270 denotentur
723 2239 857 2269 nomine
886 2236 974 2269 nullo
1005 2246 1142 2280 prorsus
1172 2234 1330 2272 exclusis„
1360 2238 1478 2268 teneor
1515 2233 1576 2268 sibi
1605 2236 1781 2278 resignare
1819 2236 1949 2278 penitus

87 2301 119 2330 et
148 2295 289 2330 debebO.
344 2296 392 2330 Ea
428 2299 536 2330 omnia
567 2299 720 2342 superius
748 2299 812 2329 iam
843 2307 1005 2341 expressa
1036 2298 1066 2328 in
1097 2294 1249 2328 omnibus
1279 2299 1310 2328 et
1338 2295 1477 2339 singulis
1507 2294 1677 2328 tenoribus
1707 2298 1738 2326 et
1767 2295 1948 2327 sentenciis

86 2356 149 2390 fide
178 2356 359 2390 inviolabili
388 2359 542 2402 paciscor
571 2357 788 2402 solempniter
816 2367 1034 2389 conservare.
1066 2355 1280 2388 Presencium
1320 2355 1380 2389 sub
1409 2365 1484 2389 meo
1523 2365 1671 2400 appenso
1701 2353 1810 2398 sigillo
1848 2355 1948 2386 testi—

85 2419 197 2450 monio
226 2417 408 2450 literarum.
438 2417 559 2450 Datum
589 2421 621 2450 et
650 2421 758 2450 actum
795 2416 929 2449 Brunne
967 2426 1054 2448 anno
1093 2415 1215 2448 domini
1254 2415 1428 2449 millesimo
1464 2417 1700 2449 trecentesimo
1740 2416 1948 2457 octogesimo

85 2481 216 2522 quarto,
246 2477 298 2510 die
327 2479 433 2510 sancti
459 2476 586 2511 Mathei
615 2476 848 2521 ewangeliste.

396 2563 486 2598 (Orig.
510 2564 594 2598 Perg.
619 2573 655 2589 an
680 2565 761 2597 Perg.
786 2563 907 2589 Streifen
933 2563 958 2587 l1.
984 2562 1101 2591 kleines,
1127 2562 1181 2587 den
1205 2563 1311 2588 Lijiwen
1336 2563 1385 2588 der
1410 2562 1589 2588 Waldstoine
1614 2561 1813 2587 entlmltendes
1838 2560 1896 2594 Siga
1922 2560 1950 2584 in

499 2615 553 2640 den
578 2615 805 2640 altstiindischen
830 2614 925 2639 Akteu
950 2614 986 2638 im
1013 2613 1099 2638 iniilir.
1126 2614 1383 2648 Laudesarehive.)

1740 2720 1791 2745 39*
