2336 3074
96 308 242 340 cantoris
271 305 415 339 ecclesie
445 304 678 340 Olomucensis
708 307 897 352 specialiter
918 312 1112 351 rogatorum
1132 313 1207 342 sunt
1226 320 1373 354 appensa
1402 313 1591 344 testimonio
1621 311 1802 345 literarum.
1834 311 1955 345 Datum

95 365 148 399 die
176 365 274 399 beate
302 365 419 400 Brisce
449 368 590 411 virginis
610 377 649 400 ac
670 369 814 400 martiris
834 367 983 411 gloriose
1003 378 1091 401 anno
1113 367 1237 402 domini
1258 369 1433 403 millesimo
1454 374 1691 405 trecentesimo
1713 374 1957 416 octuagesimo.

408 452 499 487 (Orig.
523 454 605 487 Perg.
632 454 646 478 7
673 453 700 480 11.
726 454 784 487 Sig.
808 454 844 479 1111
870 454 942 480 olm.
968 453 1226 489 Kapitclarchive.)

985 617 1088 653 174.

161 718 312 762 Jolmmz,
342 718 494 763 Bisclzof
516 730 580 752 ron
614 718 757 753 Olnez'ztz.
787 719 943 752 ermalmt
971 720 1035 753 (len
1065 719 1293 764 illarh†91·afen
1323 720 1435 754 Jodolf
1464 733 1537 754 zum
1567 722 1714 756 [ΓΙ-1011011
1746 724 1804 755 mit
1834 723 1907 755 dem

587 779 760 812 Olmiilz-er
789 779 942 824 Kapitel.
1002 779 1061 813 Dt.
1093 780 1232 814 Milrau.
1263 793 1290 814 s,
1322 792 1354 815 (ι.
1386 784 1417 815 el
1445 782 1474 815 (I.

246 854 393 908 Illustris
422 877 578 920 princeps
608 879 639 908 et
669 874 802 908 domine
830 886 1000 920 generose
1028 895 1079 899 --
1108 874 1397 920 Interrogacione‚
1428 887 1525 921 quam
1557 876 1655 910 miehi
1685 876 1811 910 fecistis
1841 888 1959 922 nuper.

98 935 173 969 dum
204 947 312 970 essem
342 938 373 969 in
405 934 577 970 010010οΖ.
608 938 794 969 vocacione
821 940 936 970 vestra
966 937 998 969 in
1026 938 1131 969 vestri
1153 938 1350 969 constitutus
1370 939 1558 981 presencia.
1580 937 1735 970 videlicet
1756 941 1783 971 si
1811 940 1843 970 in
1873 948 1962 982 que—

98 998 218 1039 stione,
249 1007 312 1041 que
341 998 405 1029 iam
435 1006 495 1040 per
524 995 786 1041 appellacionem
816 1000 978 1030 vestram.
1008 1000 1043 1029 ut
1073 999 1233 1039 asseritis,
1265 996 1405 1029 deducta
1435 1001 1483 1030 est
1514 996 1553 1029 ad
1575 1000 1808 1040 cognicionem
1839 997 1962 1030 domini

95 1059 201 1090 nostri
229 1055 355 1090 Urbani
384 1058 503 1090 summi
532 1055 696 1101 pontificis
725 1059 811 1090 inter
838 1067 902 1090 vos
931 1056 971 1090 ab
1000 1067 1064 1090 una
1094 1061 1126 1090 et
1154 1056 1351 1090 honorabile
1372 1067 1482 1089 meum
1504 1057 1680 1102 capitulum
1709 1062 1804 1102 parte
1825 1057 1865 1090 ab
1886 1057 1960 1090 alia.

96 1117 218 1150 vellem
249 1127 314 1161 ego
343 1121 433 1150 stare
463 1116 503 1149 de
532 1116 654 1159 medio,
684 1119 727 1149 ita
756 1120 790 1150 ut
818 1127 881 1151 vos
911 1121 941 1150 et
972 1121 1096 1150 terram
1115 1121 1266 1150 vestram
1285 1116 1387 1150 rebus
1416 1119 1463 1150 510
1484 1116 1647 1150 5130111105
1672 1128 1738 1151 0011
1767 1128 1959 1161 gravarem.

98 1176 175 1211 Non
212 1176 411 1221 indigebatis
449 1179 481 1210 in
521 1176 643 1221 aliquo.
682 1187 780 1222 quam
809 1188 872 1211 vos
910 1181 941 1210 et
981 1181 1116 1210 vestros
1154 1179 1234 1210 satis
1271 1177 1461 1210 involvistis
1500 1180 1891 1211 excommunicacionum
1930 1182 1962 1210 et

96 1237 262 1271 interdicti
291 1239 463 1270 sententiis
494 1247 537 1269 ex
565 1235 628 1269 illis
655 1236 824 1282 operibus,
846 1248 910 1282 que
929 1240 1087 1271 suasione
1106 1237 1310 1282 negligentis
1331 1238 1460 1271 consilii
1489 1240 1693 1283 patravistis‚
1724 1249 1824 1283 super
1846 1236 1963 1282 quibus

97 1308 174 1341 ego.
204 1301 237 1330 ut
266 1301 380 1342 pastor
408 1300 524 1330 vester
552 1296 646 1329 (131115
675 1296 772 1330 vobis
793 1296 833 1330 ab
855 1300 1082 1343 omnipotente
1103 1298 1249 1341 domino.
1270 1309 1333 1331 vos
1354 1302 1510 1343 tauquam
1531 1309 1630 1332 ovem
1651 1309 1759 1331 meam
1780 1298 1962 1331 informare

96 1362 226 1399 teneor.v
257 1361 288 1390 et
317 1368 361 1390 ex
390 1356 510 1390 affectu
530 1359 731 1390 sinceritatis
752 1357 919 1401 desidero,
941 1369 1120 1403 personam
1140 1362 1289 1391 vestram
1310 1358 1350 1391 ad
1371 1369 1494 1403 pascua
1516 1363 1631 1391 eterne
1651 1358 1765 1392 salutis
1785 1358 1960 1401 reducerer

99 1421 165 1463 qui.
195 1421 280 1451 sicut
308 1422 422 1452 vestre
451 1417 568 1451 illustri
598 1417 820 1451 dominacioni
855 1422 985 1452 constat
1022 1418 1162 1464 plenius,
1200 1429 1218 1451 a
1257 1418 1309 1451 die
1347 1421 1464 1452 mortis
1500 1418 1589 1451 clare
1627 1421 1790 1452 memorie
1829 1419 1963 1452 illustris

97 1478 219 1512 domini
247 1477 410 1511 Johannis
439 1477 528 1523 olym
561 1477 762 1511 marchionis
790 1478 956 1521 moravia
986 1481 1149 1522 genitoris
1187 1481 1305 1512 vestri.
1341 1481 1501 1523 generosi
1539 1481 1603 1512 mei
1642 1478 1777 1522 domini,
1807 1478 1960 1512 laboravi

95 1541 252 1572 continuo
268 1543 300 1571 ut
317 1538 357 1578 ad
374 1548 466 1571 meas
486 1541 640 1583 proprias
661 1549 828 1583 expensas
849 1541 974 1572 curiam
996 1542 1144 1571 vestram
1161 1549 1335 1583 sequerer.
1356 1549 1398 1572 ne
1419 1539 1528 1572 datum
1550 1538 1647 1572 vobis
1665 1538 1820 1572 divinitus
1837 1538 1962 1572 clarum

94 1601 265 1643 ingenium
288 1609 305 1631 a
327 1597 574 1642 negligentibus
603 1598 859 1643 persuasoribus
881 1601 1165 1631 contaminaretur
1184 1601 1216 1631 in
1242 1598 1363 1643 aliquo.
1386 1601 1670 1644 ymaginationem
1693 1609 1758 1643 ego
1780 1601 1961 1644 accipiens.

96 1663 131 1692 ut
151 1662 354 1692 conservato
384 1660 492 1703 capite
523 1657 652 1691 facilius
684 1661 790 1692 tocius
811 1661 1016 1704 principatus
1037 1657 1189 1692 1100111105
1209 1669 1345 1704 possem
1366 1659 1406 1692 ad
1427 1661 1500 1692 veri
1521 1661 1754 1703 cognicionem
1785 1659 1960 1692 reducere.

98 1718 191 1752 Sicut
219 1721 251 1751 in
281 1718 345 1751 hoc
374 1718 493 1751 eodem
523 1728 645 1751 versor
674 1721 845 1763 proposito
883 1729 925 1751 ex
964 1717 1137 1763 flagrantis
1175 1721 1322 1752 caritatis
1359 1719 1526 1752 incendio.
1566 1730 1628 1764 qua
1666 1730 1729 1752 vos
1771 1729 1959 1764 prosequor

97 1783 263 1823 tamquam
294 1789 393 1812 oven]
423 1789 499 1811 meo
529 1780 742 1811 commissam
778 1781 944 1823 regimini.
983 1789 1049 1811 non
1083 1789 1158 1812 meo
1197 1781 1315 1812 merito
1354 1779 1413 1812 sed
1452 1779 1563 1812 divine
1599 1779 1779 1812 voluntatis
1809 1789 1961 1812 assensu.

98 1849 163 1884 que
191 1843 271 1872 nutu
300 1838 372 1872 solo
401 1840 511 1871 omnia
541 1838 653 1882 dirigit
682 1842 712 1871 et
742 1838 895 1884 disponit.
925 1838 967 1872 Et
995 1838 1073 1872 licet
1101 1850 1202 1884 super
1230 1839 1293 1873 hiis
1321 1850 1384 1873 vos
1413 1839 1519 1872 solum
1556 1839 1760 1872 denunciare
1789 1838 1961 1872 debuerim

97 1901 253 1933 suasione
274 1909 459 1941 ,canonunn
489 1908 630 1942 quorum
660 1900 732 1931 iure
761 1903 925 1932 executor
953 1902 1075 1941 existo,
1105 1910 1170 1943 ego
1190 1903 1302 1932 tamen
1322 1910 1444 1943 magna
1474 1899 1670 1942 dileccione‚
1692 1910 1755 1944 qua
1785 1909 1847 1932 vos
1876 1909 1962 1944 pro—

98 1969 223 2004 sequor
250 1969 317 1992 non
346 1958 472 2003 absque
502 1969 576 1991 meo
606 1958 725 2002 grandi
754 1959 903 2004 periculo
932 1970 1066 2004 semper
1105 1959 1258 2002 abstinui,
1297 1958 1396 1992 hodie
1434 1958 1585 1993 abstineo
1623 1970 1689 1993 non
1729 1958 1855 2004 absque
1884 1963 1961 1992 nota

97 2018 208 2064 penali
251 2017 524 2064 reprehensionis
569 2021 779 2063 superiorum
818 2030 981 2061 meorum,
1019 2024 1050 2052 01
1088 2019 1166 2053 volo
1203 2022 1313 2053 animo
1350 2019 1463 2053 libenti
1500 2019 1668 2053 abstinere
1710 2030 1771 2065 per
1809 2019 1960 2065 amplius.

97 2090 237 2124 sperans
266 2079 352 2124 quod
382 2089 448 2112 non
478 2078 583 2111 solum
615 2089 700 2112 mea.
731 2079 789 2112 sed
811 2082 955 2112 omnium
978 2079 1223 2125 deprecacione
1252 2083 1456 2114 sanctorum.
1479 2080 1559 2113 deus
1588 2090 1651 2114 vos
1680 2080 1817 2113 reducet
1847 2081 1961 2112 omni-

98 2143 216 2185 potens
245 2139 284 2173 ad
315 2142 427 2173 innate
455 2137 553 2172 vobis
582 2141 733 2184 puritatis
762 2142 985 2173 innocentiam
1015 2139 1206 2183 salutarem,
1240 2142 1283 2173 ita
1321 2144 1355 2173 ut
1393 2139 1604 2174 considerata
1640 2150 1714 2173 11103
1753 2143 1785 2172 et
1821 2138 1961 2172 fratrum

98 2209 249 2233 meorum
277 2202 406 2233 iusticia
434 2210 488 2232 me
518 2203 550 2233 et
579 2210 638 2233 eos
667 2202 892 2245 inspiracione
921 2200 1032 2233 divina
1061 2202 1311 2245 prosequemini
1346 2202 1454 2244 gratia
1492 2202 1618 2245 pariter
1656 2204 1687 2232 et
1723 2199 1854 2237 favoreq
1886 2208 1959 2231 cum

98 2262 201 2293 simus
230 2270 364 2304 semper
393 2259 543 2305 dispositi
572 2260 612 2293 ad
642 2259 878 2293 humiliandum
908 2262 1035 2293 animas
1063 2263 1196 2293 nostras
1217 2263 1249 2293 et
1278 2259 1318 2293 ad
1347 2262 1455 2293 omnia
1478 2259 1678 2293 faciendum.
1700 2270 1764 2304 que
1784 2268 1961 2304 possemus

96 2319 212 2353 facere
241 2319 344 2353 salvis
373 2322 495 2353 nostris
521 2321 732 2363 Juramentis.
763 2322 977 2353 conscientiis
1006 2324 1038 2353 et
1067 2319 1207 2353 honore.
1237 2319 1359 2353 Datum
1387 2319 1519 2353 Meraw
1548 2324 1610 2352 etc.

410 2406 483 2441 (Ans
507 2407 570 2432 dem
594 2407 855 2441 Pergamentcodex
880 2407 962 2432 VIII.
988 2416 1014 2440 p.
1041 2407 1100 2431 335
1127 2406 1154 2431 10
1180 2406 1229 2431 der
1254 2406 1401 2431 0101111Ζο1-
1424 2405 1729 2439 Kapitelbibliothek.)
