2336 3074
1044 236 1081 270 ll

131 346 192 377 rite
223 343 422 381 vendiderih
453 347 482 376 et
514 353 626 376 coram
656 341 821 375 antedicto
842 341 975 374 domino
997 351 1071 373 meo
1093 343 1251 385 episcopo
1280 345 1443 385 tamqnam
1475 339 1562 373 feudi
1592 340 1725 372 domino
1756 339 1872 372 eadem
1894 339 1992 372 michi

131 404 217 437 bona
249 404 407 447 legittime
438 405 672 445 resignaverit„
703 406 735 435 et
764 401 849 435 idem
878 403 1053 445 graciosus
1083 401 1235 433 (lominus
1275 412 1367 433 meus
1398 400 1629 433 Oloniucensis
1659 403 1834 445 episcopus
1864 400 1904 433 dc
1934 411 1992 433 suc

130 466 372 510 superioritatis
402 463 546 496 dominio
577 462 687 498 michi.
718 461 896 495 heredibus
927 466 957 495 et
986 459 1238 495 successoribus
1269 463 1350 493 meis
1381 461 1495 493 eadem
1528 460 1611 493 bona
1650 463 1679 493 in
1720 460 1851 493 l'eudum
1882 460 1992 493 nobile

131 524 304 558 contulerit
335 528 366 557 et
396 535 447 556 me
477 534 550 556 meo
589 523 724 567 quiden?
757 526 786 555 et
827 522 986 555 heredum
1026 531 1174 554 meorum
1213 523 1346 553 nomine
1386 523 1415 553 in
1456 525 1701 566 possessionem
1743 524 1821 554 mitti
1860 524 1994 554 iusserit

131 585 353 630 corporalem.
375 589 404 617 ct
436 584 620 617 antedictus
641 583 792 616 (lominus
815 594 907 616 meus
929 582 1161 616 Olomucensis
1182 584 1358 626 episeopus
1379 592 1443 614 non
1467 593 1525 626 per
1545 593 1694 615 errorem
1717 587 1771 615 aut
1791 581 1991 627 impu-(wide5

131 645 188 679 sed
219 645 259 679 de
289 650 379 678 certa
409 656 466 678 sua
497 647 642 678 sciencia
672 649 701 677 et
733 644 911 689 supradicti
942 642 1143 677 venerabilis
1173 642 1305 687 capituli
1323 642 1466 685 juridico
1497 654 1534 675 ac
1564 643 1661 687 pleno
1691 643 1873 676 accedente
1903 654 1992 676 eon-

131 717 230 740 sensu
268 708 376 739 omnia
415 705 602 750 supradicta
643 708 712 738 iura
750 705 940 738 soluciones
978 708 1007 737 et
1047 714 1150 736 onera
1193 702 1375 736 secundum
1414 714 1545 735 omnem
1586 703 1718 736 modum
1757 708 1989 748 expressatum

131 769 282 812 superius
312 769 342 799 in
372 776 424 799 me
454 765 652 798 antedictum
683 765 858 799 Johannen
889 764 929 798 (le
957 764 1164 798 Mezzersicz
1201 766 1381 798 seniorem.
1422 763 1563 796 heredes
1593 767 1624 796 et
1653 774 1868 796 siu-cessores
1899 775 1990 796 meos

130 830 326 861 auctoritate
356 827 522 860 ordinaria
553 831 582 860 ct
613 831 788 872 potestate.
819 837 881 871 qua
912 825 1069 866 fungitur.
1101 828 1162 857 rite
1191 824 1406 859 transtulerit.
1438 823 1534 856 modo
1565 828 1594 856 et
1632 824 1749 857 forma.
1781 823 1897 868 quibus
1928 824 1990 857 hoc

130 887 201 921 fieri
230 892 359 933 poterat
389 888 547 925 meliore;
577 899 641 932 ego
671 890 771 930 igitur
809 887 994 920 antedictus
1022 885 1193 919 Johannes
1232 885 1272 918 de
1307 884 1533 918 Mezzersiecz
1572 887 1684 917 senior
1719 884 1929 917 considerato
1960 889 1991 917 et,

131 948 307 992 diligenter
336 951 497 994 inspecto.
528 948 613 993 quod
644 948 799 981 antedicti
835 948 957 981 domini
996 949 1059 979 mei
1097 946 1331 979 Olomucensis
1370 947 1516 990 episcopi
1555 944 1756 977 racionabile
1795 944 1853 977 l'nit
1881 949 1911 977 et
1942 949 1990 977 est.

131 1009 209 1042 utile
238 1013 336 1053 atque
365 1008 542 1053 benignum
573 1011 790 1054 propositum.
821 1012 852 1041 et
881 1010 1048 1053 quoniam.
1070 1011 1245 1051 antequam
1267 1016 1331 1047 ego
1353 1005 1558 1050 adipiscerer
1586 1004 1670 1037 bona
1700 1005 1860 1050 predicta.
1891 1016 1991 1050 super

133 1072 180 1103 eis
209 1069 362 1103 omnibus
393 1069 450 1102 suit
479 1073 510 1102 et
540 1073 589 1102 est
619 1071 649 1102 in
678 1068 740 1102 hiis
770 1068 922 1102 omnibus
951 1079 1010 1113 per
1041 1067 1239 1100 antedictum
1270 1066 1437 1099 dominnm
1468 1076 1576 1099 meum
1607 1068 1798 1110 episcopum
1828 1066 1868 1098 de
1902 1077 1991 1098 con-

133 1141 233 1164 sensu
263 1134 294 1163 et
322 1130 492 1163 voluntate
527 1129 730 1163 venerabilis
769 1129 1000 1163 Olomucensis
1038 1127 1169 1173 capituli
1208 1126 1390 1160 deliberate
1428 1126 1632 1161 conclusum.
1669 1137 1733 1170 ego
1772 1125 1931 1159 heredum
1962 1130 1993 1159 et

131 1201 364 1224 successorum
396 1201 545 1223 meorum
574 1193 707 1223 nomine
736 1193 975 1235 imperpetuum
1007 1189 1046 1222 ad
1081 1188 1286 1222 solucionem
1311 1189 1387 1231 jura
1417 1191 1448 1220 et
1477 1197 1579 1219 onera
1610 1186 1757 1231 predicta
1797 1198 1848 1219 me
1878 1186 1991 1230 obligo

131 1249 190 1283 sub
228 1249 523 1295 oninibusvmodis
561 1254 591 1283 et
630 1249 880 1283 condicionibus
919 1249 958 1283 (le
996 1248 1102 1282 verbo
1145 1249 1182 1282 ad
1224 1247 1376 1284 verbunn
1416 1252 1512 1293 prout
1549 1252 1790 1292 expressantur
1827 1250 1989 1292 superius.

131 1310 329 1344 Promittens
358 1310 442 1343 bona
474 1310 536 1343 fide
566 1310 691 1355 absque
720 1313 808 1343 omni
838 1310 913 1343 dolo
943 1321 1002 1355 pro
1033 1321 1085 1343 me
1106 1308 1285 1342 heredibus
1306 1313 1338 1342 et
1358 1308 1609 1342 successoribus
1631 1311 1712 1341 meis
1738 1311 1990 1353 imperpetuum„

131 1371 248 1405 eadem
277 1371 362 1405 bona
402 1382 475 1404 cum
512 1382 626 1404 eorum
660 1373 873 1416 pertinenciis
903 1373 934 1403 in
964 1374 1031 1403 toto
1060 1370 1115 1403 x'el
1143 1373 1175 1403 in
1204 1370 1311 1414 aliqua
1341 1372 1390 1402 sui
1419 1373 1512 1414 parte
1542 1380 1606 1401 non
1636 1368 1796 1402 vendere.
1827 1368 1989 1412 obligare.

131 1443 190 1465 seu
221 1431 317 1465 modo
347 1434 466 1476 quovis
496 1431 682 1464 distrahere
720 1430 845 1476 absque
883 1430 1001 1476 prefati
1031 1430 1153 1463 domini
1183 1433 1247 1463 mei
1277 1432 1423 1475 episcopi
1454 1440 1619 1462 consensu
1649 1433 1681 1462 et
1709 1428 1911 1462 venerabilis
1941 1431 1988 1461 sui

131 1492 262 1537 capituli
291 1494 435 1525 sciencia
466 1492 612 1537 speciali.
643 1491 857 1525 Presencium
887 1491 947 1524 sub
977 1502 1051 1524 meo
1082 1495 1113 1523 et
1143 1489 1403 1535 subscriptorum
1435 1492 1615 1522 amicorum
1655 1500 1803 1522 meorum
1835 1488 1989 1521 videlicet

132 1552 287 1586 nobilium
319 1552 525 1585 dominorum
558 1551 706 1596 Styborii
737 1551 777 1584 (le
815 1550 1064 1596 Czynnenburg
1101 1555 1130 1583 et
1169 1550 1255 1582 Petri
1296 1549 1387 1582 Lutei
1418 1549 1457 1582 de
1487 1549 1627 1582 Rossicz
1656 1549 1772 1593 sigillis
1802 1551 1990 1582 testimonio

131 1612 311 1645 literarum.
342 1611 462 1645 Datum
483 1611 617 1644 Brunne
638 1622 724 1644 anno
745 1611 866 1644 domini
888 1611 1061 1644 millesimo
1083 1612 1317 1643 trecentesimo
1338 1612 1586 1655 septuagesimo
1612 1612 1723 1654 quinto
1744 1612 1775 1642 in
1805 1609 1856 1642 die
1885 1611 1989 1642 sancti

130 1672 259 1706 Thome
288 1672 427 1718 apostoli
456 1672 606 1716 gloriosi.

441 1750 530 1785 (sn-ig.
555 1750 636 1783 Pcrg.
663 1750 679 1775 3
703 1750 730 1774 h.
756 1749 782 1775 S.
807 1749 843 1774 im
869 1749 1032 1775 Fiirsterzb.
1058 1749 1184 1775 Archive
1208 1749 1236 1774 in
1260 1749 1427 1783 Kremsier.)

1040 1895 1084 1930 9.

129 2000 266 2034 ιῙοΙιιιηη
298 2010 361 2032 ron
392 1998 577 2036 Boslforie.
609 1998 812 2032 Isanom·l2·us
851 2000 882 2031 in
916 1998 1058 2041 Olmatz,
1090 1999 1222 2031 widmet
1259 1999 1320 2031 cler
1352 1998 1433 2030 olm.
1469 1997 1598 2030 li'e'rclee
1636 1999 1732 2031 einen
1764 1997 1873 2041 jalel-l.
1905 1997 1988 2030 Zins

486 2070 547 2092 ron
577 2059 600 2092 ⁴2
630 2059 731 2092 Marh·
761 2060 800 2091 lm
832 2058 946 2103 Dorfe
983 2058 1173 2103 tf'oderady.
1212 2058 1269 2092 Dt.
1304 2058 1400 2091 1375
1431 2070 1456 2091 s.
1489 2059 1508 2091 l.
1541 2061 1573 2091 ct
1602 2059 1631 2092 d.

284 2135 466 2189 Noverint
495 2157 642 2188 universi
672 2158 845 2200 presentes
883 2154 995 2187 literas
1025 2157 1214 2199 inspecturi.
1272 2154 1367 2195 Quod
1404 2166 1469 2199 ego
1506 2154 1676 2187 Johannes
1715 2154 1755 2187 de
1785 2153 1986 2187 Bozcowicz

129 2218 309 2249 canonieus
339 2215 571 2249 Olomucensis
609 2218 641 2248 et
670 2214 815 2248 decanus
854 2215 997 2247 ecclesie
1035 2214 1298 2248 Chremsirensis
1337 2215 1530 2248 desiderans
1570 2219 1640 2260 post
1678 2214 1853 2248 incolatum
1892 2214 1986 2247 huius

129 2279 318 2309 transitorie
346 2279 414 2310 vite
444 2276 576 2309 celestis
604 2278 710 2320 patrie
745 2278 951 2308 mansionem
990 2275 1167 2309 adiuvante
1203 2286 1346 2320 superna
1384 2278 1498 2319 gracia
1536 2278 1695 2319 consequi
1731 2279 1761 2308 et
1801 2278 1832 2307 in
1871 2279 1985 2307 eterna

128 2336 237 2370 leticia
265 2336 438 2370 beatorum
468 2336 554 2369 seliei
584 2338 760 2369 consoreio
790 2338 922 2369 sociari.
954 2335 993 2368 ad
1023 2335 1152 2368 laudem
1184 2340 1213 2368 et
1245 2336 1404 2369 honorem
1435 2338 1667 2381 omnipotentis
1697 2335 1749 2368 dei
1778 2339 1808 2368 et
1838 2334 1986 2378 glorioso

128 2398 269 2440 virginis
297 2395 403 2430 Marie
432 2399 602 2441 genitricis
632 2396 754 2429 domini
783 2399 886 2429 nostri
915 2395 995 2429 Jesu
1025 2395 1146 2429 Christi
1175 2407 1234 2441 pro
1264 2396 1412 2429 remedio
1442 2407 1572 2440 quoque
1600 2400 1814 2441 peccatorum
1835 2406 1984 2428 meorum

128 2461 159 2490 et
188 2459 297 2490 anime
326 2457 430 2490 salute
460 2468 533 2490 mee
562 2459 695 2489 nomine
715 2459 865 2502 perpetui
887 2459 1073 2490 testamenti
1093 2456 1174 2489 duas
1195 2467 1325 2490 marcas
1346 2459 1444 2489 annui
1466 2468 1585 2489 census
1606 2456 1749 2490 ecclesie
1771 2455 1984 2490 Olomueensi

128 2520 160 2550 et
188 2516 345 2551 fratribus
374 2519 456 2551 meis
484 2515 694 2562 presentibus
723 2521 756 2549 et
783 2517 901 2550 futuris
938 2517 1077 2552 decano.
1107 2520 1275 2562 preposito
1305 2521 1335 2550 et
1365 2517 1507 2562 capitulo
1538 2516 1751 2550 Olomucensi
1780 2517 1820 2549 de
1859 2515 1986 2549 duobus

128 2576 232 2610 laneis
261 2579 293 2609 in
321 2577 398 2611 villa
428 2577 512 2610 dicta
542 2576 753 2622 &Vodyeram
784 2588 880 2622 quam
911 2588 953 2610 ex
992 2581 1128 2622 paterna
1159 2580 1374 2611 successione
1405 2580 1434 2610 in
1464 2577 1682 2610 hereditatem
1710 2576 1866 2622 possideo
1896 2587 1984 2608 con-

128 2639 270 2679 stitutus,
299 2648 362 2671 una
392 2649 465 2671 cuin
495 2637 639 2671 Rusticis
675 2637 832 2671 videlicet
860 2637 1065 2671 Wenceslao
1094 2637 1175 2671 alias
1204 2637 1290 2671 dicto
1319 2637 1426 2671 Berea
1464 2642 1494 2670 et
1524 2637 1661 2670 Andrea
1699 2636 1834 2670 eosdem
1870 2636 1985 2669 laneos

130 2696 326 2741 colentibus‚
357 2697 526 2732 solvendis
556 2698 643 2732 dono
673 2697 767 2731 trado
796 2697 977 2731 liberaliter
1006 2702 1037 2731 et
1066 2700 1201 2742 assigno
1239 2702 1271 2731 et
1299 2700 1329 2731 in
1368 2697 1550 2731 eorundem
1588 2708 1708 2730 census
1747 2701 1779 2729 et
1815 2696 1982 2729 hominum

1533 2773 1546 2787 0
1796 2763 1827 2780 os
