2336 3074
994 335 1068 370 98.

329 439 483 483 illm-Ityr.
514 438 626 472 Jodolf
655 438 831 482 bestatle'qt
860 439 921 471 dei·
950 438 1053 471 Stadt
1083 438 1203 471 Zizaim
1235 438 1303 471 alle
1329 438 1494 482 srahel-en
1526 438 1744 482 I'rire'legyien.

731 498 787 532 Dt.
820 498 943 531 an'm-
972 498 1031 531 ⁴26.
1062 498 1195 531 Ja‘meet·
1227 498 1336 531 1378.

257 563 302 616 ln
332 585 465 616 nomine
494 586 608 615 sancte
638 586 667 614 et
699 581 869 615 individue
899 584 1051 614 trinitatis
1081 581 1223 614 feliciter
1251 592 1359 614 amen.
1406 581 1554 615 Jodocus
1584 582 1635 615 dei
1665 585 1778 626 gracia
1811 582 1960 615 marchio

99 648 131 677 et
160 643 311 677 dominus
339 643 504 677 Moravie.
536 640 617 675 Cum
646 644 814 675 universis
835 641 983 675 fidelibus
1004 644 1126 675 nostris
1147 644 1276 686 signum
1299 646 1412 675 nostre
1433 644 1548 686 gracie
1570 641 1750 676 debeamus
1771 643 1962 679 ostenderet

100 706 244 737 maxime
273 703 313 736 ad
344 703 545 736 domesticos
574 701 662 743 fidei„
692 704 723 735 in
753 701 870 747 quibus
899 704 967 735 vita
997 706 1029 734 et
1058 705 1164 735 morte
1194 701 1383 734 fidelitatem
1415 706 1447 735 et
1477 705 1702 735 constanciam
1733 702 1960 747 probavimus.

100 764 328 798 exaudicionis
357 766 487 796 ianuam
517 765 548 795 in
578 762 652 804 hiis„
683 774 746 807 que
775 761 1022 795 racionabiliter
1050 761 1269 807 postulantur.
1299 765 1421 807 aperiri
1458 762 1582 795 debere
1612 774 1799 796 censemus.
1846 763 1963 796 Oblata

99 824 259 870 siquidem
290 823 384 857 nobis
412 833 473 868 pro
502 827 596 868 parte
621 822 754 866 judicis.
785 825 934 867 magistri
965 825 1085 855 civium
1117 826 1146 855 et
1177 822 1388 855 scabinorum
1412 826 1554 856 civitatis
1574 822 1797 868 Znoymensis
1818 824 1960 856 fidelium

99 889 287 918 nostrorum
318 883 513 917 dilectorum
544 882 662 928 suplex
692 885 812 928 peticio
841 882 1042 925 continebat,
1073 887 1105 915 ut
1134 883 1323 927 privilegia.
1354 883 1480 926 literas,
1511 882 1692 918 libertates
1719 884 1807 926 jura.
1826 886 1960 916 emuni—

99 949 194 988 tates,
224 944 359 988 indulta,
389 943 646 977 consuetudines
668 946 745 988 ipsis
776 948 807 976 et
836 945 960 977 civitati
980 942 1186 988 Zuoymensi
1206 943 1356 988 predicte
1377 954 1538 976 concessa
1561 947 1592 976 et
1613 954 1805 982 concessas„
1827 947 1961 976 servata

99 1009 131 1039 et
159 1009 312 1039 servatas
340 1007 515 1046 innovare,
546 1003 723 1047 ratificare„
753 1002 940 1049 approbare
970 1008 1002 1037 ct
1031 1003 1231 1037 confirmare
1260 1006 1447 1047 graciosius
1487 1003 1713 1047 dignaremur.
1763 1003 1832 1036 Nos
1862 1006 1961 1047 igitur

100 1065 310 1099 eorundem.
335 1093 341 1098 .
367 1065 517 1109 judicis.
542 1091 547 1098 .
579 1067 729 1108 magistri
759 1067 879 1097 civium
917 1069 949 1098 et
977 1064 1189 1098 scabinorum
1218 1063 1374 1109 precibus
1402 1064 1494 1097 velut
1519 1065 1615 1107 justis
1646 1068 1675 1096 et
1705 1063 1962 1097 racionabilibus

99 1125 328 1159 favorabiliter
357 1125 502 1158 inclinati
531 1128 689 1159 universa
719 1128 751 1158 et
779 1125 908 1169 singula
938 1125 1126 1171 privilegia„
1156 1125 1280 1167 literas„
1302 1124 1484 1163 libertates„
1502 1125 1590 1168 juia
1613 1127 1821 1157 emunitates.
1840 1124 1961 1157 indulta

99 1197 158 1232 per
187 1186 292 1219 felicis
321 1185 571 1219 recordacionis
600 1196 701 1230 reges
730 1184 868 1219 Boemie
898 1190 931 1219 et
958 1185 1171 1218 marchiones
1199 1184 1353 1218 Moravie
1382 1185 1644 1230 predecessores
1672 1188 1805 1218 nostros
1835 1184 1964 1229 prefate

100 1249 225 1280 civitati
255 1245 461 1292 Znoymensi
491 1256 671 1280 concessas
701 1250 733 1279 et
763 1246 855 1279 datas
876 1257 1006 1279 necnon
1028 1245 1228 1291 approbatas
1259 1249 1357 1290 atque
1386 1244 1568 1278 laudabiles
1598 1244 1857 1278 consuetudines
1877 1244 1962 1289 apud

100 1307 240 1340 eandem
271 1310 440 1341 civitatem
470 1307 719 1353 Znoymensem
741 1306 903 1339 hacteuus
924 1305 1121 1339 observatas
1142 1308 1174 1338 in
1195 1309 1262 1338 toto
1284 1309 1316 1337 et
1345 1307 1375 1338 in
1397 1309 1491 1350 parte
1512 1307 1561 1338 sui
1583 1305 1724 1349 qualibet
1747 1304 1960 1337 ratificamus.

98 1370 309 1409 innovamus,
347 1367 570 1413 approbamus
608 1372 640 1400 et
683 1369 847 1412 presentis
886 1369 998 1412 scripti
1043 1368 1228 1411 patrocinio
1267 1365 1512 1398 confirmamus.
1571 1364 1682 1406 Quare
1720 1368 1886 1399 universis
1932 1370 1961 1398 et

100 1428 238 1473 singulis
268 1427 460 1471 baronibusq
489 1427 665 1471 nobilibus7
695 1427 904 1473 proceribus,
934 1426 1101 1469 militibus,
1123 1426 1295 1459 clientibus
1325 1430 1354 1459 et
1386 1426 1457 1458 aliis
1486 1428 1608 1459 nostris
1637 1425 1799 1463 fidelibus„
1821 1425 1963 1470 quihus-

99 1499 229 1533 cunque
258 1493 425 1522 vocentur
452 1488 653 1525 nominibus„
683 1491 909 1532 cuiuscunque
929 1491 1044 1523 status.
1067 1487 1234 1531 dignitatis
1255 1486 1309 1519 vel
1330 1486 1536 1519 condicionis
1566 1488 1721 1521 existant.
1751 1485 1961 1530 presentibus

100 1553 132 1582 et
160 1548 277 1582 futuris
306 1551 507 1594 precipimus
537 1548 674 1581 firmiter
704 1552 735 1581 et
764 1548 923 1583 districte.
954 1551 1115 1591 quatenus
1144 1549 1310 1579 civitatem
1341 1546 1590 1591 Znoyniensem
1620 1545 1802 1591 predictam
1832 1550 1864 1578 et
1891 1547 1962 1578 eius

100 1609 225 1643 incolas
257 1612 287 1642 iu
316 1609 515 1655 privilegiis„
545 1609 660 1644 literis.
690 1608 907 1650 libertatibusq
934 1606 1075 1651 juribus.
1111 1606 1355 1641 enuinitatihust
1394 1606 1525 1639 indultis
1560 1608 1748 1650 ceterisque
1787 1605 1962 1638 antedictis

100 1669 393 1703 consuetudinilnis
421 1668 639 1702 laudabilibus
667 1669 772 1702 libere
810 1668 875 1701 frui
903 1672 935 1701 et
963 1666 1101 1712 pacifice
1129 1667 1279 1711 gaudere
1308 1669 1499 1712 permittant
1527 1670 1559 1699 et
1595 1677 1653 1700 eos
1692 1670 1806 1699 contra
1837 1665 1900 1698 boc
1929 1668 1960 1698 in

100 1730 188 1764 nullo
218 1741 356 1776 prorsus
385 1729 565 1775 impediant
593 1729 648 1762 vel
677 1731 893 1762 consenciant
920 1739 981 1773 per
1010 1730 1197 1772 quempiam
1226 1727 1390 1772 impediri.
1421 1726 1478 1759 sed
1509 1729 1540 1759 in
1570 1726 1696 1760 eisdem
1726 1729 1815 1771 ipsos
1837 1737 1960 1758 manu-

101 1794 235 1824 teneant
272 1790 453 1823 efficaciter
499 1794 531 1822 et
569 1788 758 1822 defendant.
815 1787 902 1821 Nulli
940 1799 1023 1831 ergo
1061 1787 1230 1821 hominum
1269 1787 1345 1820 licet
1387 1787 1473 1820 lianc
1505 1790 1620 1821 nostre
1657 1785 1892 1820 ratificacionis
1930 1790 1962 1819 et

102 1850 368 1885 confirmacionis
387 1853 542 1896 paginam
564 1849 748 1893 infringere
769 1853 824 1882 aut
843 1851 873 1881 ei
893 1851 1011 1893 quovis
1035 1859 1116 1881 ausu
1141 1850 1319 1881 temerario
1344 1850 1511 1880 contraire
1532 1846 1591 1880 sub
1611 1858 1695 1892 pena
1717 1847 1961 1891 indignacionis

102 1915 215 1945 nostre
243 1913 458 1955 gravissime,
488 1921 584 1955 quam
622 1912 675 1954 qui
713 1919 812 1942 secus
849 1908 968 1942 fecerit
1004 1911 1120 1951 tocies,
1159 1910 1296 1952 quocies
1331 1907 1572 1940 contrafactum
1610 1906 1720 1947 fuerit„
1758 1918 1795 1940 se
1831 1908 1963 1939 noverit

101 1970 355 2005 irremisihiliter
382 1973 557 2004 incurisse.
588 1969 802 2003 Preseneium
832 1969 892 2002 sub
922 1980 1069 2014 appenso
1098 1972 1212 2002 nostro
1251 1968 1360 2011 sigillo
1390 1970 1578 2001 testimonio
1608 1967 1789 2000 literarum.
1839 1965 1957 1999 Datum

101 2030 253 2076 Znoyme
283 2041 370 2064 anno
400 2031 522 2064 domini
552 2030 724 2063 millesimo
754 2032 989 2062 trecentesimo
1027 2030 1276 2074 septuagesimo
1307 2032 1427 2061 octavo
1458 2027 1541 2060 feria
1571 2030 1672 2060 tercia
1703 2030 1855 2072 proxima
1887 2030 1961 2072 post

103 2091 188 2125 diem
218 2093 452 2125 conversionis
481 2093 587 2124 sancti
616 2090 717 2123 Pauli.

413 2168 487 2203 (Auf
508 2169 557 2193 der
588 2168 729 2193 Plieatur:
772 2168 815 2193 Ad
846 2167 1010 2192 mandatum
1041 2167 1146 2192 domini
1178 2166 1349 2191 marchionis
1379 2165 1515 2191 Nicolaus
1539 2165 1779 2198 protlionotarius.
1811 2180 1849 2182 -κ-
1884 2164 1962 2195 Orig.

516 2221 597 2252 Pei-g.
622 2220 648 2245 11.
674 2220 731 2253 sig.
757 2220 793 2244 im
818 2219 948 2245 Znaimer
971 2218 1194 2252 Stadtarchive.)

997 2362 1072 2398 99.

399 2467 737 2513 Ero'ffimnysformel
765 2468 823 2501 des
855 2466 1028 2500 Olnmtz-er
1057 2464 1291 2499 Laadrechtes
1320 2464 1353 2498 2.
1386 2463 1545 2497 Februar
1574 2462 1684 2497 1378.

264 2531 379 2584 Anno
415 2550 537 2584 domini
575 2551 749 2584 millesimo
786 2552 1020 2583 trecentesimo
1056 2550 1304 2593 septuagesimo
1342 2551 1464 2580 octavo
1502 2548 1534 2578 in
1572 2544 1810 2591 purificacione
1847 2549 1963 2578 sancte

105 2610 210 2644 Marie
239 2609 441 2644 celebratum
471 2615 522 2644 est
550 2610 749 2655 colloquium
778 2621 839 2655 per
866 2609 994 2643 nobiles
1023 2608 1174 2642 dominos
1194 2606 1434 2640 VVencezlaum
1465 2605 1505 2639 de
1534 2605 1706 2639 Strazniez
1727 2607 1961 2646 camerarium⁷

104 2670 291 2706 Jaroslaum
322 2670 362 2704 de
389 2669 551 2704 Knienicz
580 2670 770 2704 czudarium
809 2674 842 2703 et
869 2668 1109 2703 Wenceslaum
1146 2669 1310 2701 notarium
1351 2666 1467 2700 harum
1506 2664 1690 2699 tabularum
1727 2663 1962 2698 beneficiarios

1773 2732 1805 2756 12
