2336 3074
1027 211 1074 244 73

121 322 212 354 curie
241 323 274 353 91
302 319 442 365 plurium
473 318 716 362 fidediguorum
745 316 928 350 accedente
958 315 1096 349 consilio
1126 313 1367 347 honorabilium
1400 317 1547 348 virorum
1579 313 1786 347 dominorum
1808 314 1980 357 prepositi,

121 381 237 414 decani
267 385 297 413 et
328 379 459 426 capituli
489 378 785 412 Chreiniscriensis
806 376 949 409 ecclesie
970 375 1119 421 predicte
1140 377 1284 408 unanimi
1312 375 1494 408 accedente
1515 385 1680 408 consensu
1702 375 1980 415 convencionem,

121 441 381 487 disposicionem
410 445 441 474 et
471 440 720 473 ordinacionem
751 437 918 482 predictas
947 445 1079 469 necnon
1109 438 1218 468 omnia
1248 434 1288 468 ab
1318 438 1365 467 eis
1386 435 1615 480 dependeneia
1638 434 1692 468 vel
1714 434 1839 467 eisdem
1861 436 1980 478 quovis

119 501 218 535 inodo
249 512 402 534 connexa
432 504 463 534 in
493 499 644 533 omnibus
673 500 865 539 sentenciis,
895 499 1035 542 punctis,
1066 495 1220 529 clausulis
1257 499 1289 529 et
1319 495 1488 529 tenoribus
1527 495 1567 529 de
1604 494 1708 529 verbo
1747 495 1786 528 ad
1825 493 1979 536 verbum.

119 566 214 608 prout
244 566 318 596 sunt
348 565 544 607 expressata
575 562 740 605 superius.
771 557 1006 604 approbamus7
1036 555 1251 598 ratificamus.
1282 558 1525 589 auctorizamus
1555 560 1585 589 et
1615 559 1778 601 potestate
1811 554 1978 588 ordinaria

119 625 151 656 in
180 622 230 656 his
259 625 390 668 scriptis
420 633 459 655 ac
485 624 609 655 virtute
638 622 849 665 presencium
879 617 1126 652 confirmamus.
1156 616 1198 650 Et
1226 627 1287 650 nos
1318 616 1477 650 Albertus
1506 619 1705 662 prepositus.
1735 615 1882 649 Joannes
1913 615 1978 649 de-

119 694 221 717 canus
250 687 419 728 totumque
448 681 625 727 capitulum
654 680 820 714 antedicte
850 678 1124 713 Chremsiriensis
1154 677 1297 711 ecclesie
1327 677 1535 710 attendentes
1559 680 1837 719 convencionem,
1858 677 1977 722 dispo-

119 746 292 786 simonem.
322 742 572 776 ordinacionem
608 746 640 775 et
673 740 966 774 confirmacionem
1005 739 1172 785 predictas
1213 741 1297 771 iusta
1341 742 1371 770 et
1409 738 1477 771 utili
1513 740 1649 771 racione
1687 738 1883 782 procedere.
1914 742 1977 770 tam

118 803 289 850 prebende
319 814 415 849 quam
446 805 660 836 canonicatus
689 801 914 847 predictorum
944 811 1041 845 quam
1070 804 1101 833 et
1130 798 1330 844 parochialis
1359 798 1549 843 supradicte
1579 797 1722 831 ecclesie
1744 798 1977 831 condicionem

120 875 163 898 ex
191 863 256 898 hoc
284 863 355 897 fieri
384 863 569 906 meliorem,
599 865 708 896 animo
738 861 933 904 deliberato.
962 871 1044 895 sano
1081 859 1286 906 precedente
1324 859 1462 892 consilio
1499 858 1595 892 nobis
1632 857 1674 892 ob
1703 857 1767 891 hoc
1795 858 1918 903 pluries
1947 861 1978 891 in

120 925 297 970 capitulum
335 926 542 967 convocatis,
578 925 725 956 unanimi
761 926 841 956 voto
876 924 947 967 pari
985 931 1152 954 consensu
1188 924 1219 953 et
1253 919 1499 953 deliberacione
1535 929 1663 952 summa
1700 921 1977 961 convencionem.

119 986 389 1031 disposicionem,
419 984 669 1018 ordinacionem
698 987 729 1016 et
759 981 1053 1016 confirmacionem
1091 980 1257 1026 predictas
1295 980 1478 1016 laudamus.
1509 979 1731 1025 approbamus
1767 983 1797 1012 et
1828 982 1859 1011 in
1889 981 1977 1024 ipsas

119 1047 159 1081 de
187 1045 294 1080 verbo
323 1045 363 1079 ad
398 1044 551 1087 verbum,
580 1048 677 1090 prout
715 1047 932 1089 expressatur
969 1045 1134 1087 superius,
1164 1041 1351 1075 voluntarie
1389 1043 1626 1074 consentimus.
1685 1039 1898 1073 Presencium
1927 1042 1977 1072 iis.

119 1118 183 1152 que
211 1105 414 1141 venerabilis
442 1107 475 1139 in
504 1103 636 1138 Christo
665 1106 768 1149 patris
797 1103 936 1149 predicti
965 1102 1088 1136 domini
1116 1104 1221 1135 nostri
1243 1101 1476 1135 Olomucensis
1506 1103 1654 1147 episcopi
1683 1105 1713 1133 et
1743 1104 1858 1133 nostro
1879 1102 1978 1145 capi-

119 1167 215 1201 tulari
243 1166 359 1211 sigillis
388 1168 511 1199 munite
540 1169 615 1199 sunt-
643 1167 832 1198 testimonio
861 1163 1042 1197 literarum.
1081 1162 1202 1196 Datum
1232 1161 1403 1196 Chremsir
1432 1172 1518 1195 anno
1549 1161 1672 1194 domini
1700 1161 1874 1194 millesimo
1904 1164 1978 1192 tre-

119 1230 302 1262 centesimo
331 1228 581 1272 septuagesimo
610 1228 751 1271 septimo
781 1227 813 1258 in
840 1224 954 1269 vigilia
984 1226 1089 1258 sancti
1117 1222 1206 1257 Petri
1235 1227 1267 1256 et
1295 1222 1386 1256 Pauli
1415 1221 1653 1268 apostolorum.

430 1304 519 1340 (Orig.
543 1305 626 1339 Perg.
653 1305 670 1330 2
694 1304 722 1329 h.
746 1304 804 1338 Sig.
829 1304 865 1328 101
890 1303 1042 1331 1111519121),
1066 1302 1191 1328 Archive
1215 1302 1243 1326 in
1267 1300 1435 1334 Kremsier.)

1013 1447 1087 1483 83.

432 1553 768 1599 Eroffinmqsformel
795 1553 854 1586 des
887 1552 1060 1585 010ιὶ11591-
1088 1549 1325 1584 Lamlreclztes
1354 1550 1413 1583 29.
1443 1549 1527 1583 Jum'
1556 1548 1665 1583 1377.

275 1631 393 1684 Anno
422 1651 544 1684 domini
581 1649 755 1683 millesimo
792 1651 1027 1682 trecentesimo
1065 1650 1314 1693 septuagesimo
1352 1649 1492 1692 septimo
1534 1649 1565 1679 in
1601 1646 1653 1679 die
1690 1648 1794 1679 sancti
1831 1644 1918 1678 Petri
1947 1648 1978 1677 et

118 1710 208 1745 Pauli
237 1711 462 1756 apostolorum
493 1711 692 1756 colloquium
729 1709 931 1742 celebratum
971 1713 1021 1742 est
1049 1719 1109 1754 per
1137 1707 1265 1741 nobiles
1303 1707 1453 1740 dominos
1481 1706 1705 1740 Venceslaum
1735 1705 1776 1738 de
1806 1705 1978 1738 Straznicz

119 1782 310 1817 supremum
340 1774 573 1814 camerarium.
603 1769 790 1804 Jaroslaum
825 1769 865 1803 de
893 1769 1054 1803 Knicnicz
1084 1769 1274 1802 czudarium
1304 1778 1509 1813 supremum,
1538 1766 1763 1800 Venceslaum
1792 1765 1976 1799 tabularum

119 1838 208 1867 terre
251 1835 416 1865 notarium
458 1831 612 1865 Moravie
654 1841 857 1876 supremum,
900 1834 1098 1874 ceterosque
1134 1828 1278 1862 barones
1317 1827 1534 1874 subscriptos.
1573 1827 1726 1861 videlicet
1761 1826 1907 1860 Ulricum
1948 1830 1979 1859 et

119 1893 305 1927 Tassonem
334 1892 375 1926 (19
403 1891 605 1935 Bozcovicz.
635 1891 821 1925 Johannem
859 1895 889 1924 et
925 1890 1138 1924 Sdenconem
1171 1890 1293 1923 fratres
1331 1889 1371 1922 de
1413 1888 1541 1922 Lucow
1583 1887 1663 1920 alias
1702 1887 1742 1920 de
1779 1885 1977 1930 Sternberg.

121 1954 333 1988 Sdenconem
362 1957 394 1987 et
423 1953 606 1987 Smilonein
644 1952 684 1986 de
713 1951 901 1996 Sternberg
929 1951 1010 1985 alias
1048 1951 1087 1984 de
1116 1949 1261 1993 Zabreh.
1292 1949 1472 1983 Stiborium
1502 1953 1533 1981 et
1562 1947 1772 1981 Jaroscbium
1802 1947 1842 1979 de
1873 1945 1977 1979 Czin-

119 2014 216 2059 burg,
246 2013 471 2048 Beneschium
500 2018 531 2047 et
560 2013 697 2047 Polliam
728 2013 768 2046 de
796 2011 1023 2058 W'yldnberg7
1052 2010 1190 2044 Potham
1230 2015 1260 2043 et
1289 2010 1469 2044 Jesconem
1499 2009 1539 2042 de
1568 2008 1767 2053 Holnsteyn.
1797 2007 1975 2040 Jesconem

121 2079 152 2108 91
181 2074 407 2109 Proczconem
437 2074 477 2108 de
506 2073 694 2116 ffichwald,
716 2072 941 2106 Pawliconcm
964 2072 1004 2105 de
1024 2071 1207 2116 Eulnberg,
1229 2070 1413 2105 Smilonem
1434 2074 1465 2103 91
1486 2069 1672 2103 Hei-ardum
1694 2068 1734 2101 de
1754 2067 1892 2100 Lesnicz
1914 2071 1976 2100 etc.

430 2152 590 2187 (0101111291-
613 2151 789 2185 Laudtafel.)

1013 2244 1038 2278 S
1047 2243 1088 2278 4.

173 2350 309 2384 Jolecmn
340 2348 521 2393 Sobeslac‚
551 2348 742 2394 Mal-hyras
765 2359 826 2381 1οη
857 2347 1015 2381 illabi-en.
1045 2345 1183 2380 ertkee’lt
1211 2346 1274 2379 den
1308 2344 1501 2377 Olmmzern
1532 2345 1585 2377 ein
1617 2342 1835 2385 Prin-{leffium
1865 2341 1926 2374 (191·

173 2410 437 2455 Illauthfree'lleit
447 2412 507 2455 fiir
522 2412 639 2444 see'nen
659 2408 940 2450 Gebietscmtleeil‚
957 2407 1073 2441 behalt
1088 2406 1161 2440 sich
1177 2405 1262 2440 aber
1277 2406 1339 2439 den
1365 2404 1548 2448 lVideJ-ruf
1558 2404 1669 2437 dieses
1686 2402 1924 2446 Pricileye'ums

736 2480 806 2503 ror.
846 2468 902 2502 Dt.
936 2468 1057 2502 Bre‘lnn
1086 2468 1120 2501 4.
1151 2467 1225 2500 Julz'
1253 2466 1363 2499 1377.

277 2546 470 2601 Johannes
491 2567 596 2600 dictus
625 2565 815 2600 Sobieslaw
845 2566 896 2599 dei
925 2567 1039 2609 gracia
1069 2563 1218 2597 marchio
1246 2561 1411 2596 Moravie.
1443 2560 1538 2602 Quod
1567 2561 1643 2593 licet
1672 2560 1712 2593 de
1741 2562 1975 2593 universorum

121 2631 206 2660 statu
235 2626 415 2660 debeamus
443 2627 628 2670 intendere7
658 2630 711 2672 qui
745 2626 840 2660 nobis
869 2630 1019 2671 tempore
1049 2628 1161 2657 nostre
1198 2626 1382 2657 necessitas
1421 2621 1505 2667 (sic)
1545 2620 1766 2654 exbibuerunt
1805 2619 1976 2664 obsequia.

121 2687 161 2721 ad
189 2687 262 2721 illos
291 2692 401 2721 tamen
428 2690 586 2733 precipue
615 2692 728 2722 nostra
758 2686 958 2720 deliberacio
988 2686 1173 2728 inclinatur,
1204 2687 1257 2729 qui
1287 2683 1392 2717 felicis
1421 2682 1670 2716 recordacionis
1691 2683 1835 2725 genitori
1863 2684 1977 2713 nostro

1791 2747 1824 2771 10
