2336 3074
125 299 235 331 monio
264 295 384 330 habent
415 296 546 342 plenam
576 300 773 342 potestatem
805 296 986 329 antedictas
1016 297 1175 341 pecunias
1204 297 1290 327 inter
1315 294 1436 337 judeos
1457 296 1530 327 sive
1560 293 1758 326 christianos
1788 294 1991 336 conquirere

124 362 157 391 et
185 356 368 402 exbrigare
398 368 499 403 super
529 362 639 391 nostra
670 359 815 390 omnium
845 356 986 401 dampna
1018 360 1049 389 et
1078 358 1277 400 quicumque
1306 358 1495 400 presentem
1527 354 1655 387 literam
1686 352 1848 391 hahuerit,
1880 351 1987 385 eidem

125 420 281 463 competit
306 419 361 461 jus
391 420 535 451 oninium
564 419 814 463 premissorum.
853 416 973 449 Datum
1004 419 1035 449 et
1064 420 1172 448 actum
1200 426 1286 448 anno
1317 415 1437 447 domini
1466 411 1815 447 M‘JCCCOLXXVIII‘)
1844 415 1874 446 in
1905 411 1991 445 festo

125 480 230 511 sancti
257 477 420 511 Johannis
448 476 600 523 baptiste.

436 556 525 589 (strig.
551 556 631 589 Perg.
658 555 707 580 mit
734 556 748 580 4
774 555 801 581 h.
828 555 884 589 sig.
910 555 945 580 im
970 555 1058 580 iniihr.
1084 554 1337 586 Laudes-weliivv.)

1012 699 1115 734 118.

125 804 199 838 Der
233 804 406 838 Olmiitz-er
434 803 660 849 be'scho'flz'clze
693 803 833 848 Offiz-ial
871 803 1094 845 benrlmmlet,
1136 803 1216 835 (lass
1256 801 1423 834 zei-iselam
1463 801 1533 833 (lem
1566 800 1711 844 Pl'arrer
1751 811 1812 832 ron
1852 798 1988 833 ll'e'lanz

125 866 191 899 und
219 865 380 899 Frenz-le‘n
409 865 478 898 und
505 864 629 898 Henle'n
660 864 916 907 Schonmelzer‚
956 863 1115 907 Bur-(sera
1154 873 1219 895 con
1258 861 1372 905 Iylau,
1411 862 1463 893 εἰη
1502 859 1678 903 l'eryleiele
1714 859 1891 903 bez-affliclz
1929 859 1989 892 cles

309 923 451 959 VVaIdes
479 924 635 969 Heqleolz-
664 937 705 958 zu
735 924 868 958 Slamle
894 924 1089 968 yelcommeu
1119 924 1179 958 sei.
1238 922 1296 955 Dt.
1332 921 1462 954 Olmntz-
1492 920 1550 955 26.
1581 921 1665 953 Jeme·
1694 920 1803 954 1378.

277 1000 366 1054 Nos
397 1021 568 1055 Sanderus
597 1023 744 1054 vicarius
773 1024 805 1054 et
834 1019 985 1053 officialis
1014 1021 1107 1053 curie
1136 1018 1336 1064 episcopalis
1366 1017 1599 1051 Olomucensis
1629 1021 1745 1049 tenore
1774 1018 1984 1061 presencium

123 1084 402 1126 recognoscimus
413 1083 591 1124 universis,
609 1081 695 1126 quod
718 1081 836 1114 dudum
859 1083 890 1114 in
911 1091 1010 1113 causa
1027 1084 1181 1113 vertente
1202 1082 1288 1112 inter
1304 1078 1482 1112 discretum
1504 1080 1610 1111 virum
1629 1076 1796 1110 dominum
1813 1075 1988 1108 Bartholo-

123 1153 229 1175 meum
247 1141 423 1187 plebanum
445 1144 475 1175 in
492 1140 626 1175 Bielans
642 1152 685 1174 ex
701 1152 764 1174 una
786 1152 824 1174 ac
841 1140 1071 1174 Frenczlinum
1094 1144 1125 1173 et.
1139 1139 1316 1173 Henlinum
1337 1138 1471 1177 fratres„
1492 1137 1597 1171 dictos
1617 1137 1750 1182 pulcros
1770 1135 1987 1178 brasiatores‚

122 1204 215 1235 cives
244 1201 453 1246 Iglavienses
482 1206 576 1247 parte
605 1213 649 1235 ex
678 1201 782 1235 altera
811 1212 926 1234 coram
955 1200 1050 1234 nobis
1079 1211 1181 1246 super
1217 1204 1313 1233 sexta
1348 1203 1443 1245 parte
1479 1198 1563 1232 silve
1592 1196 1766 1242 Hegholcz
1797 1197 1895 1239 dicte‚
1925 1199 1987 1229 site

121 1261 205 1296 infra
235 1261 318 1295 fines
347 1262 496 1295 eiusdem
526 1261 615 1301 villeq
645 1272 841 1307 processum
872 1261 980 1295 fuerat
1008 1272 1113 1306 usque
1142 1260 1181 1294 ad
1212 1262 1417 1294 sentenciam
1438 1262 1586 1292 nostram
1618 1257 1839 1299 diffinitivam,
1869 1259 1986 1301 inqua

122 1325 449 1368 pronuncciavimus.
479 1326 609 1356 sextam
639 1326 767 1368 partem
798 1322 945 1355 eiusdem
976 1322 1061 1355 silve
1090 1321 1272 1356 secundum
1302 1330 1475 1353 numerum
1515 1319 1686 1352 laneorum
1717 1317 1864 1351 eiusdem
1895 1316 1984 1359 ville,

122 1393 260 1428 quorum
291 1382 377 1416 idem
406 1382 567 1428 plebanus
596 1387 737 1428 quatuor
767 1385 879 1425 tenuit3
911 1382 949 1415 ad
980 1382 1155 1415 ecclesiam
1187 1381 1327 1415 eandem
1366 1380 1406 1413 de
1431 1381 1507 1424 jure
1536 1381 1716 1424 pertinere3
1747 1389 1764 1411 a
1795 1388 1857 1423 qua
1887 1377 1986 1410 sedes

122 1443 303 1489 apostolica
333 1442 390 1476 fuit
420 1443 582 1489 appellata
612 1443 819 1489 apostolique
848 1445 939 1488 petiti
969 1447 999 1475 et
1029 1445 1173 1488 recepti:
1203 1441 1412 1487 postmodum
1442 1451 1526 1472 vero
1556 1439 1784 1484 appellacione
1804 1448 1870 1471 non
1898 1447 1984 1482 pro-

122 1508 235 1537 secuta
265 1504 445 1537 secundum
477 1506 651 1537 terminum
683 1504 907 1549 apostolorum
938 1503 1183 1536 declaravimus
1212 1501 1473 1546 appellacionem
1505 1499 1671 1532 desertam
1710 1502 1742 1531 et
1779 1499 1984 1531 sentenciam

122 1575 182 1610 per
209 1575 271 1597 nos
300 1564 398 1597 latam
428 1564 501 1597 fore
531 1564 775 1608 exequendam.
806 1563 955 1596 Tandem
986 1563 1123 1608 predicti
1153 1560 1411 1595 Bartholomeus
1441 1559 1600 1605 plebanus
1638 1570 1676 1591 ac
1706 1558 1923 1591 Frenczlinus
1954 1561 1986 1590 et

122 1624 282 1658 Henlinus
312 1627 405 1657 cives
441 1635 553 1657 coram
583 1624 678 1658 nobis
717 1628 973 1669 comparuerunt
1010 1627 1213 1665 asserentes‚
1252 1633 1288 1655 se
1326 1632 1427 1666 super
1462 1624 1556 1653 sexta
1592 1624 1686 1664 parte
1725 1618 1810 1652 dicte
1839 1619 1925 1652 silve
1954 1622 1986 1651 et.

123 1688 280 1730 expensis
311 1687 381 1717 eius
411 1687 590 1718 occasione
619 1695 731 1717 coram
761 1683 856 1717 nohis
886 1687 915 1717 in
937 1684 991 1716 lite
1012 1682 1107 1716 factis
1137 1682 1210 1715 fore
1239 1686 1270 1715 et
1291 1692 1366 1715 esse
1387 1680 1621 1713 concordatos.
1652 1682 1694 1712 ita
1724 1679 1810 1724 quod
1830 1678 1985 1712 Mikscho

122 1746 227 1779 dictus
256 1745 366 1790 Vogel
396 1748 478 1779 civis
507 1745 719 1789 Iglaviensis„
749 1747 802 1790 qui
832 1744 925 1777 dictis
956 1743 1111 1776 fratribus
1141 1742 1340 1776 Frenczlino
1370 1745 1402 1774 et
1422 1740 1563 1773 Henlino
1594 1740 1713 1773 dictam
1744 1739 1861 1772 silvam
1884 1738 1983 1772 Hek-

121 1805 209 1839 wald
240 1805 349 1839 debuit
379 1805 549 1847 libertare,
579 1808 639 1851 ipsi
669 1804 811 1850 plebano
842 1809 871 1838 et
902 1804 1045 1838 ecclesie
1075 1814 1133 1837 sue
1162 1806 1194 1836 in
1222 1801 1368 1843 Bielans
1398 1800 1564 1846 prodicta
1586 1804 1682 1833 sexta
1711 1803 1805 1845 parte
1835 1799 1982 1832 eiusdem

122 1866 205 1899 silve
234 1866 421 1911 quindecim
451 1877 643 1910 sexagenas
672 1876 869 1910 grossorum
898 1867 1111 1911 pragensium
1142 1874 1201 1909 pro
1223 1862 1373 1895 emendis
1403 1865 1435 1895 et
1455 1860 1688 1906 comparandis
1718 1871 1780 1893 una
1810 1870 1984 1904 sexagena

123 1937 196 1960 cum
227 1926 335 1959 media
364 1937 486 1960 census
515 1929 546 1959 in
576 1930 772 1972 perpetuum
802 1936 861 1971 pro
892 1925 1033 1958 ecclesia
1073 1924 1237 1957 antedicta
1277 1927 1308 1956 et
1346 1922 1506 1956 tredecim
1545 1923 1727 1965 sexagenis
1763 1932 1836 1954 cum
1875 1920 1982 1953 media

121 1998 316 2032 grossorum
346 1987 454 2021 eidem
483 1986 624 2033 plebano
655 1998 714 2032 pro
745 1989 902 2032 expensis
932 1986 1022 2029 dare,
1053 1985 1189 2019 solvere
1219 1988 1249 2017 et
1279 1986 1454 2027 assignare
1475 1981 1653 2024 debebunt,
1683 1981 1723 2014 de
1753 1981 1869 2026 quibus
1898 1981 1983 2013 idem

120 2047 281 2093 plebanus
310 2047 476 2093 ydoneam
507 2047 634 2080 literam
666 2049 855 2080 cauciorein
886 2049 1023 2091 recepit‚
1059 2057 1154 2091 quam
1195 2044 1342 2078 exhibuit
1381 2054 1494 2076 coram
1531 2041 1637 2075 nobis.
1694 2041 1847 2074 Promisit
1877 2044 1982 2074 eciam

121 2108 206 2142 idem
237 2107 397 2154 plebanus
427 2119 540 2141 coram
569 2107 664 2141 nohis
694 2118 754 2153 pro
785 2107 878 2140 dictis
908 2106 1095 2152 quindecim
1125 2107 1318 2150 sexagenis.
1350 2109 1381 2137 et
1410 2106 1435 2137 si
1466 2114 1531 2136 non
1562 2102 1765 2136 sufficerent.
1796 2106 1921 2135 tantum
1942 2102 1983 2134 de

122 2180 181 2203 suo
209 2168 345 2212 addere,
376 2168 462 2214 quod
492 2172 606 2214 posset
636 2179 749 2201 emere
780 2172 809 2201 et
840 2178 1037 2213 comparare
1058 2177 1154 2200 unam
1176 2176 1384 2210 sexagenam
1406 2175 1479 2197 cum
1502 2163 1607 2197 media
1638 2173 1809 2207 sexagena
1831 2164 1982 2207 perpetui

122 2240 242 2263 census
271 2240 332 2274 pro
361 2229 504 2263 ecclesia
534 2240 592 2262 sua
623 2228 787 2262 antedicta
818 2232 847 2261 et
869 2230 900 2261 in
922 2231 1091 2268 eventum7
1123 2237 1186 2271 quo
1209 2229 1314 2258 morte
1343 2228 1526 2270 preventus
1547 2223 1611 2256 hoc
1640 2222 1754 2256 facere
1783 2232 1848 2255 non
1868 2226 1984 2267 posset

121 2293 153 2323 in
182 2294 381 2324 testamento
411 2294 441 2323 et
469 2300 530 2335 pro
559 2289 671 2323 ultima
708 2292 755 2323 sui
792 2288 962 2321 voluntate
997 2287 1060 2320 hoc
1096 2286 1283 2319 faciendum
1320 2285 1471 2318 discretis
1509 2285 1591 2316 viris
1627 2282 1725 2315 Petro
1764 2285 1794 2314 in
1830 2281 1920 2314 Luka
1951 2285 1981 2314 et

121 2349 262 2383 Nicolao
291 2352 322 2383 in
351 2348 539 2383 Petrowicz
569 2350 787 2383 ecclesiarum
809 2348 996 2382 rectoribus
1017 2348 1181 2381 commisit
1200 2349 1233 2379 in
1253 2345 1545 2378 fideicommissum
1567 2343 1684 2377 volens
1715 2346 1745 2375 et
1775 2342 1983 2384 desiderans⁷

122 2421 163 2443 ne
192 2421 250 2444 sua
279 2410 422 2444 ecclesia
452 2422 496 2444 ex
524 2410 589 2444 hoc
617 2410 747 2455 aliquod
779 2410 1009 2443 detrimentum
1039 2410 1220 2453 pateretur‚
1250 2405 1335 2450 quod
1356 2407 1417 2450 ipsi
1438 2403 1556 2437 eodem
1586 2402 1823 2435 Barlliolomeo
1853 2406 1984 2435 mortuo

123 2470 242 2504 dictum
274 2482 423 2514 censum,
466 2482 563 2516 quem
602 2473 673 2517 ipse
715 2473 746 2504 in
791 2473 857 2503 vita
900 2480 958 2502 sua
1002 2479 1115 2501 emere
1159 2471 1189 2500 et
1233 2468 1407 2510 assignare
1451 2468 1539 2497 esset
1582 2467 1728 2509 paratus,
1772 2466 1923 2495 emerent
1952 2466 1983 2495 et

122 2534 343 2575 assignarent.
373 2529 416 2564 Et
443 2534 616 2576 pecierunt
645 2530 761 2564 eedem
792 2534 904 2576 partes
933 2540 1008 2562 cum
1039 2527 1147 2561 debita
1186 2528 1359 2567 instancia,
1399 2529 1561 2570 quatenus
1599 2534 1700 2569 super
1736 2525 1921 2568 premissise
1950 2526 1986 2555 ut

122 2590 204 2625 fides
234 2590 305 2624 fieri
333 2595 448 2637 posset
477 2591 518 2625 de
547 2591 672 2625 eisdem
703 2593 735 2624 in
774 2590 930 2633 futurunn
969 2589 1098 2622 literam
1140 2591 1287 2620 nostram
1325 2585 1481 2618 daremus
1519 2583 1628 2628 sigillo
1666 2582 1863 2616 officialatus
1893 2585 1984 2615 curie

123 2652 320 2697 episcopalis
351 2651 502 2685 Olomuc.
533 2654 780 2685 communitam.
810 2650 880 2685 Nos
909 2654 1019 2695 itaque
1049 2648 1220 2682 Sanderus
1240 2649 1387 2680 vicarius
1408 2649 1437 2678 et
1460 2643 1611 2678 officialis
1640 2643 1808 2689 predictus
1837 2645 1983 2688 ipsarum

1778 2708 1829 2734 14*
