2336 3074
1287 192 1358 226 294

1269 400 1378 436 3⁴23.

449 532 520 564 Ι)ιί·
550 531 731 563 Slaeidlrnlli
764 543 826 563 ron
856 530 1008 563 Jamm'lz-
1038 530 1181 566 erlfla'rt.
1212 531 1293 563 alass
1323 531 1398 563 (ΙΙ-υἱ
1429 530 1546 564 Lcilme
1574 532 1606 564 i‘n
1641 531 1860 575 ostnjliowitz
1889 531 1958 564 mod
1985 533 2038 564 ein
2071 531 2146 576 llos
2168 533 2201 564 in

525 592 690 624 l'ulmrae'tz-
722 603 782 624 zm·
812 591 1038 635 l’farrlrirvlee
1067 593 1099 624 e'n
1129 591 1279 624 .l(1mm'l:=
1308 591 1472 634 (Jelmren.
1523 591 1579 626 Dt.
1610 592 1761 626 Jamm'lz
1794 592 1850 625 18.
1882 592 1982 626 Mart·
2014 591 2122 626 1384.

548 677 615 729 λυ
646 707 756 729 rerum
786 700 957 739 gestarum
989 698 1150 729 memoria
1180 707 1240 741 per
1269 695 1444 729 decessum
1475 698 1634 741 temporis
1664 696 1844 742 deperiret„
1866 699 2050 742 sapientum
2074 697 2255 731 introduxit

391 760 571 790 auctoritas
601 762 633 790 et
661 757 868 790 consuetudo
899 757 1071 790 laudabilis
1101 756 1310 803 approbavit„
1341 761 1374 789 ut
1404 768 1455 791 ea.
1486 768 1549 802 que
1578 761 1742 801 geruntur
1770 760 1801 790 in
1832 761 1994 803 tempore,
2025 757 2063 791 ad
2094 762 2255 804 perpetue

391 821 438 851 rei
470 820 662 850 memoriam
692 821 931 863 seripturarinn
963 821 1150 852 testimonio
1181 822 1419 863 peremwntur.
1450 817 1581 851 Dudum
1611 820 1711 861 igitur
1740 817 1874 852 suborta
1905 821 2138 853 controversia
2169 821 2255 853 inter

392 882 653 924 circumspectos
682 882 775 912 viros
804 879 1069 925 predecessores
1098 883 1232 913 nostros
1263 881 1405 911 civitatis
1434 877 1658 912 J‹=iunicensis
1688 890 1731 912 ex
1751 889 1814 911 una
1844 883 1876 911 et
1897 878 2124 912 honorabilem
2146 882 2253 914 virum

391 940 557 972 domiuum
590 939 723 972 Paulum
754 939 929 985 plebanum
960 940 1104 973 ecclesie
1140 942 1244 974 saneti
1273 938 1391 972 Jacobi
1421 941 1452 972 in
1481 937 1631 972 Jemnicz
1660 943 1754 984 parte
1794 950 1836 972 ex
1871 939 1974 973 altera
2009 939 2050 972 de
2085 944 2118 974 et
2153 951 2255 986 super

385 1001 474 1043 jure.
505 1002 707 1045 proprii-tate
737 1004 769 1033 et
798 1000 943 1033 dominio
974 1000 1130 1034 videlicet
1159 1002 1255 1033 trium
1285 1002 1453 1033 curiarum
1483 1001 1514 1032 in
1544 998 1788 1033 Votiecliovicz
1818 1004 1850 1033 et
1878 1002 1971 1033 curie
2000 1003 2095 1034 unius
2124 1003 2156 1034 in
2176 1000 2254 1034 villa

392 1060 558 1093 l'alowicz
597 1063 736 1099 situatisq
780 1072 840 1094 nos
884 1061 1085 1106 infrascripti
1124 1060 1302 1094 lleuslinus
1346 1064 1487 1105 protunc
1529 1063 1690 1103 magister
1734 1062 1870 1099 civium,
1907 1059 2058 1094 Jaklinus
2097 1061 2253 1103 serrator,

390 1121 574 1154 Jandlinus.
605 1121 735 1154 llouilel
764 1122 930 1157 earuil'ex.
961 1121 1087 1155 Pessek
1116 1126 1145 1154 et
1168 1121 1311 1155 Mieliael
1333 1125 1454 1158 sartorq
1471 1122 1572 1164 jurati
1594 1123 1737 1154 civitatis
1757 1120 1980 1155 Jemnicensis
2002 1121 2254 1156 considerantes

390 1182 548 1227 pericula.
579 1193 642 1227 que
672 1193 715 1215 ex
745 1182 798 1215 tali
829 1185 1061 1215 controversia
1092 1186 1229 1227 possent
1259 1181 1375 1214 l'uturis
1405 1184 1483 1215 oriri
1513 1181 1730 1227 temporibusq
1761 1183 1974 1215 occasionem
2005 1181 2193 1225 hujusmodi
2214 1182 2255 1216 de

391 1243 499 1275 medio
531 1243 646 1276 tollere
676 1247 708 1276 et
737 1254 972 1277 successorum
1003 1247 1194 1276 nostrorum
1224 1244 1298 1288 paci
1327 1246 1360 1275 et
1387 1245 1502 1275 unitati
1531 1242 1672 1288 provide
1702 1241 1880 1275 consulere
1901 1244 2085 1287 cupientes,
2106 1242 2255 1287 diligenti

391 1306 539 1349 inprimis
569 1306 788 1348 inquisicione
819 1304 904 1337 facta
934 1308 966 1337 et
996 1308 1124 1337 maturo
1154 1303 1294 1337 consilio
1324 1314 1386 1336 una
1425 1314 1498 1336 cum
1529 1302 1671 1348 provido
1701 1305 1775 1336 viro
1803 1302 1948 1336 Martiuo
1984 1302 2095 1347 judice
2119 1302 2255 1337 Jemni-

390 1367 482 1397 ceusi
512 1369 541 1397 et
572 1369 712 1410 protunc
742 1368 875 1398 monete
913 1367 1074 1408 magistro
1112 1363 1257 1409 desuper
1294 1362 1490 1409 preliabi103
1537 1363 1746 1397 attendentes
1784 1365 1894 1408 itaque
1931 1374 1971 1396 ac
2008 1363 2255 1409 perpendentes

390 1425 549 1459 caducam
580 1429 610 1458 et
641 1425 813 1458 mortalem
844 1425 931 1458 hanc
960 1428 1061 1459 vitam
1097 1427 1127 1458 iu
1158 1427 1256 1458 terris
1292 1424 1514 1468 volentesque
1553 1425 1742 1457 transitoria
1780 1425 1811 1456 in
1849 1427 2009 1469 perpetua
2048 1427 2081 1457 et
2118 1424 2254 1458 celestia

390 1486 477 1519 felici
507 1489 710 1520 commercio
741 1491 967 1520 commutare:
1010 1496 1072 1519 nos
1100 1484 1220 1531 prefati
1250 1487 1411 1529 magister
1440 1486 1561 1518 civium
1592 1487 1624 1517 et
1647 1485 1748 1528 jurati
1788 1483 1828 1517 de
1864 1494 2028 1529 expresso
2063 1488 2178 1518 nostro
2215 1496 2255 1518 ac

391 1550 635 1580 communitatis
665 1558 804 1580 assensu
834 1549 945 1580 animo
975 1546 1158 1580 deliberato
1188 1557 1249 1591 pro
1278 1557 1316 1579 se
1345 1549 1377 1578 et
1415 1544 1568 1578 omnibus
1605 1543 1860 1579 successoribus
1893 1547 2016 1578 nostris
2054 1547 2142 1578 omni
2179 1545 2254 1579 dolo

390 1612 418 1639 et
451 1607 567 1641 fraude
597 1610 733 1641 semotis
763 1607 867 1640 libere
897 1611 929 1640 et
958 1611 1077 1653 sponte
1106 1606 1267 1649 cedimus,
1296 1609 1509 1650 resignamus
1539 1610 1571 1639 et
1599 1604 1899 1639 abrenuncciamus
1937 1607 2026 1639 omni
2060 1606 2139 1650 juri,
2168 1616 2254 1652 pro—

390 1671 519 1713 prietati
550 1673 580 1701 et
611 1668 768 1704 dominio,
799 1668 885 1713 quod
915 1667 1215 1713 predecessoribus
1251 1670 1374 1701 nostris
1413 1671 1469 1700 aut
1504 1665 1600 1700 nobis
1635 1670 1667 1700 et
1702 1665 1955 1700 successoribus
1992 1669 2115 1701 nostris
2152 1669 2185 1700 in
2223 1671 2255 1701 et

390 1741 491 1775 super
515 1731 584 1773 jam
615 1729 709 1763 dictis
739 1728 842 1762 tribus
873 1731 973 1762 curiis
1003 1731 1035 1761 in
1064 1728 1320 1761 Votiecbowicz
1349 1732 1382 1761 et
1410 1730 1501 1761 curia
1531 1738 1594 1760 una
1630 1729 1660 1760 in
1691 1726 1767 1760 villa
1797 1725 1965 1760 Palowicz
2003 1729 2161 1773 competit
2194 1738 2254 1762 seu

390 1789 638 1835 ‹piomodolibet
666 1794 861 1835 competere
891 1791 1004 1834 potuit.
1036 1788 1171 1822 Publice
1200 1788 1411 1834 presentibus
1440 1787 1636 1834 prolitentes
1664 1786 1812 1833 prefatas
1841 1791 1909 1820 tres
1938 1789 2048 1821 curias
2076 1790 2109 1820 in
2128 1787 2254 1821 Votie-

390 1850 543 1884 chowicz
572 1851 722 1884 similiter
751 1855 781 1884 et
812 1853 936 1884 curiam
968 1850 1055 1883 illam
1086 1853 1117 1883 in
1147 1849 1223 1883 villa
1254 1849 1421 1883 Palowicz
1461 1859 1535 1882 cum
1573 1850 1662 1881 omni
1694 1849 1772 1892 jure
1809 1851 1842 1880 et
1878 1846 2081 1892 plenitudine
2119 1847 2255 1882 dominii

391 1911 428 1944 ad
460 1923 558 1957 supra
589 1914 746 1957 scriplum
777 1912 944 1945 dominum
982 1910 1116 1944 Paulum
1155 1909 1330 1956 plebanum
1370 1909 1514 1943 ecclesie
1553 1911 1659 1943 sancti
1696 1907 1813 1941 Jacobi
1849 1910 1881 1941 in
1918 1907 2068 1941 Jemnicz
2106 1912 2139 1942 et
2175 1919 2254 1943 suos

394 1982 611 2006 successores
640 1972 800 2017 legittime
838 1975 1019 2017 pertinere.
1075 1970 1122 2004 Ita
1162 1975 1283 2013 tamen⁷
1314 1970 1400 2015 quod
1440 1981 1561 2004 census
1600 1980 1643 2002 ex
1678 1971 1769 2002 curia
1806 1968 1858 2001 illa
1896 1970 1929 2001 in
1967 1968 2045 2002 villa
2084 1968 2252 2003 Palowicz

390 2035 507 2065 situata
538 2032 633 2066 debet
665 2033 812 2066 altariste
841 2033 954 2065 altaris
983 2034 1089 2066 sancti
1118 2030 1247 2065 Nicolai
1276 2033 1458 2076 provenire
1488 2035 1520 2064 et
1540 2029 1674 2063 cedere.
1707 2029 1832 2063 Omnes
1853 2031 1959 2062 eciam
1981 2040 2062 2074 sepe
2082 2032 2253 2063 nominate

390 2095 480 2126 curie
510 2096 540 2126 in
571 2092 838 2126 Votieeliowicz.
867 2096 993 2138 pariter
1022 2096 1053 2126 et
1081 2092 1134 2125 illa
1165 2094 1256 2125 curia
1286 2094 1318 2124 in
1356 2091 1434 2125 villa
1474 2090 1642 2124 Palowicz
1681 2089 1721 2123 ab
1759 2089 1911 2124 omnibus
1947 2089 2185 2123 exaccionibus
2223 2094 2255 2123 et

390 2152 529 2186 robottis
558 2153 662 2187 libere
691 2158 766 2186 sunt
796 2157 827 2186 et
857 2157 1024 2198 exempte.
1081 2152 1116 2186 In
1147 2155 1240 2186 cuius
1269 2155 1317 2185 rei
1353 2156 1451 2196 geste
1491 2151 1631 2184 evidens
1668 2153 1890 2184 testimonium
1930 2150 2074 2195 sigillum
2110 2152 2253 2184 civitatis

391 2218 503 2246 nostre
533 2213 743 2259 presentibus
779 2218 827 2247 est
864 2224 1058 2259 appensum.
1114 2213 1234 2246 Datum
1272 2212 1422 2246 Jainnicz
1460 2212 1543 2245 feria
1581 2215 1678 2245 sexta
1717 2214 1793 2244 ante
1831 2209 1950 2244 festum
1980 2213 2253 2244 annunciacionis

390 2278 504 2307 sancte
533 2273 651 2310 Mario.
681 2285 767 2307 anno
797 2273 971 2307 millesimo
1001 2276 1238 2307 trecentesimo
1267 2274 1498 2317 octuagesimo
1528 2277 1657 2317 quarto.

702 2362 774 2395 [Ans
799 2362 861 2387 dein
887 2361 964 2395 Orig.
988 2361 1025 2386 im
1050 2361 1210 2387 Jamnitzer
1234 2360 1468 2387 Schlossarehive
1493 2360 1585 2394 copirt
1608 2369 1665 2385 von
1688 2359 1723 2387 A.
1750 2359 1866 2393 Boeek.)
