2336 3074
956 207 1028 240 373

64 313 202 356 cipimus
240 315 272 344 et
309 310 514 353 mandamus,
551 314 712 356 quatenus
758 310 797 343 ab
834 311 985 345 onmibus
1021 311 1207 345 hominihus
1246 316 1277 344 et
1316 312 1432 345 Incolis
1467 322 1525 344 seu
1564 310 1837 344 inhabitatoribus
1883 310 1923 343 de

65 371 244 405 Sschotaw
279 375 311 405 et
343 371 500 417 specitice
536 370 576 404 de
614 371 675 404 illis
709 370 803 404 bonis
840 376 870 404 et
909 372 1019 409 rebus,
1051 383 1114 417 quc
1144 375 1205 418 ipsi
1240 371 1279 405 de
1310 375 1440 417 propria
1482 372 1636 405 facultate
1675 372 1714 406 de
1744 371 1923 405 Ssehotaw

64 443 176 465 secum
207 435 237 465 in
266 435 434 465 civitatem
464 431 649 477 Znoymam
679 434 814 465 racione
845 432 907 465 fori
937 433 1089 466 duxerint
1120 437 1148 465 et
1180 432 1222 465 ibi
1252 432 1458 466 vendiderint
1491 437 1522 465 et
1553 431 1592 465 ab
1623 431 1774 465 omnibus
1804 432 1864 466 illis
1894 435 1926 464 et

65 493 203 537 singulis
224 491 334 526 rebus.
365 503 445 537 quas
475 495 534 537 ipsi
554 491 674 525 ibidem
704 494 735 524 in
766 492 838 525 soro
859 496 997 527 emerint
1027 498 1057 526 et
1081 495 1361 537 comparaverint.
1393 493 1513 525 nullum
1535 495 1686 538 recipere
1712 492 1923 526 theoloneum

65 552 125 586 sub
154 555 278 586 intentu
307 557 421 586 nostre
441 555 557 597 gracie
576 554 706 597 penitus
735 551 903 588 debeatis:
933 564 1006 586 nam
1037 556 1067 586 in
1089 564 1129 586 eo
1156 552 1292 598 prefatis
1322 551 1508 585 hominibus
1527 558 1662 598 propter
1683 556 1922 586 incrementum

65 624 178 646 eorum
209 623 405 659 prosperum
436 617 548 646 nostra
569 612 671 646 voluit
701 611 901 646 deliberacio
922 614 1111 659 specialiter
1131 613 1321 659 providere.
1352 612 1574 646 Decet-nimus
1595 616 1730 658 insuper
1750 617 1779 646 et
1803 615 1923 647 virtute

65 676 275 719 presencium
305 672 504 706 instituendo
533 675 733 717 precipimus
763 676 795 705 et
824 673 1028 707 mandamus.
1060 678 1221 718 quatenus
1256 673 1362 706 nullus
1396 673 1573 716 judeorum
1603 678 1790 707 nostrorum
1831 674 1924 707 dictis

64 734 104 767 de
135 733 313 767 Sschotaw
342 735 463 767 nostris
484 732 671 766 hominibus
699 744 800 778 super
819 732 904 766 bona
935 745 1048 767 eorum
1080 733 1257 767 immobilia
1287 733 1403 767 debeat
1426 733 1582 767 decetero
1604 737 1732 779 penitus
1752 739 1924 776 mutuare3

66 799 95 828 et
125 794 188 828 hoc
219 793 303 827 idem
332 804 393 839 per
420 804 482 827 vos
519 795 647 826 seriose
676 796 877 838 precipimus
915 796 994 839 ipsis
1025 795 1137 838 judeis
1167 793 1297 840 publice
1326 796 1488 827 intimare.
1545 793 1706 827 Volumus
1737 797 1854 828 eciam.
1893 799 1924 827 ut

65 858 129 888 iam
159 854 263 888 dictos
292 858 424 887 nostros
454 853 606 886 homines
635 864 832 899 quacunque
861 856 1104 888 interveniente
1134 866 1233 888 causa
1264 865 1329 888 non
1359 856 1531 887 arrestetis
1556 855 1788 899 quoquomodo
1818 866 1925 900 neque

68 914 108 948 ab
137 917 185 948 eis
214 914 373 948 emendas
402 918 537 959 propter
566 924 728 947 excussus
740 913 777 959 Ὃ
807 913 968 959 quoslibet
1007 918 1175 960 repetatis.
1214 914 1272 948 sed
1311 925 1443 948 omnem
1478 925 1624 947 causam.
1664 919 1799 960 propter
1829 926 1923 960 quam

66 974 273 1009 debebuntur
300 974 461 1020 inculpari
490 984 549 1019 per
579 976 778 1019 quempiam„
807 974 846 1008 ad
872 977 1088 1020 purgravium
1119 977 1173 1020 qui
1200 986 1261 1020 pro
1290 979 1442 1020 tempore
1471 977 1503 1008 in
1533 974 1620 1007 Fran
1651 974 1760 1008 suerit.
1792 975 1925 1008 devolvi

66 1035 231 1077 volumus.
262 1038 316 1081 qui
344 1038 376 1069 in
406 1046 445 1069 ea
474 1034 605 1069 debebit
634 1046 844 1079 cognoscere
880 1040 910 1068 et
945 1035 1185 1081 postulantibus
1211 1037 1377 1079 justiciam
1412 1035 1653 1068 administrare.
1711 1035 1923 1069 Prcsencium

66 1095 125 1129 sub
146 1106 294 1142 appenso
323 1099 437 1129 nostro
467 1095 575 1140 sigillo
605 1098 794 1129 testimonio
822 1095 1003 1129 literarum.
1036 1095 1154 1129 Datum
1176 1095 1309 1129 Brunne
1339 1095 1421 1129 feria
1451 1095 1596 1129 secunda
1626 1101 1696 1140 post
1729 1095 1923 1129 dominicani

66 1156 254 1190 Invocavit.
283 1167 369 1190 anno
400 1156 522 1189 domini
551 1155 724 1189 millesimo
755 1159 990 1189 trecentesimo
1021 1158 1227 1200 octogesimo
1257 1158 1407 1201 septimo.

375 1231 509 1272 (Inserirt
535 1235 564 1259 in
590 1235 638 1260 der
662 1235 1007 1269 Besta'ttigungsurkuudc
1032 1235 1080 1260 des
1106 1235 1141 1259 K.
1163 1235 1312 1260 Vlaslislav
1337 1244 1399 1261 vom
1424 1235 1451 1261 J.
1481 1235 1570 1268 1491,
1600 1234 1643 1259 die
1668 1235 1695 1259 in
1720 1235 1797 1260 einer
1820 1235 1926 1266 gleich-

479 1287 600 1320 zeitigen
625 1287 718 1320 Kopie
742 1287 779 1312 im
804 1287 891 1312 miihr.
917 1287 1147 1312 Landesarcliive
1172 1287 1336 1312 vorlianden
1361 1286 1420 1320 ist.)

949 1458 1056 1493 419.

69 1561 168 1596 Snlz'lf
198 1573 260 1595 con
283 1562 408 1595 Kom‘tz
439 1561 597 1606 cerlcauft
623 1562 694 1595 dem
717 1561 850 1605 Marlty.
879 1561 992 1595 Jodols
1018 1562 1080 1595 (las
1104 1562 1168 1595 Gal
1188 1561 1367 1595 Hrubcilz.
1401 1561 1458 1595 Dt.
1484 1561 1615 1595 Olmatz-
1636 1562 1669 1595 2.
1692 1561 1796 1606 April
1818 1561 1926 1596 1387.

228 1637 320 1702 Ego
351 1656 466 1691 Suliko
505 1657 545 1690 de
575 1656 694 1690 Konitz
731 1661 843 1690 notum
884 1657 969 1690 facio
1007 1656 1217 1702 presentibus
1252 1659 1430 1701 universis,
1470 1657 1556 1702 quod
1594 1662 1730 1703 propter
1767 1658 1926 1702 grandem

69 1721 305 1752 necessitatem
333 1718 598 1762 indigenciarum
628 1728 777 1751 mearum
807 1720 1022 1751 serenissimo
1052 1720 1192 1763 principi
1221 1717 1354 1751 domino
1383 1717 1511 1751 Jodoco
1551 1717 1737 1751 marchioni
1764 1717 1928 1759 Moraviffl

70 1778 247 1813 heredibus
277 1783 309 1812 et
337 1777 591 1812 successoribus
620 1781 687 1811 suis
718 1777 965 1811 marchionibus
994 1777 1148 1811 Moravie
1178 1780 1288 1811 animo
1318 1777 1500 1812 deliberato
1536 1782 1568 1811 et
1606 1778 1776 1812 voluntate
1813 1778 1927 1812 libera.

70 1842 252 1873 amicorum
282 1849 432 1872 meorum
466 1849 566 1883 super
603 1849 643 1871 eo
681 1841 924 1872 communicato
958 1838 1096 1871 consilio
1134 1849 1173 1871 ac
1211 1838 1251 1871 de
1289 1849 1456 1872 consensu
1494 1839 1630 1884 speciali
1666 1850 1739 1872 mee
1778 1842 1929 1884 coniugis

70 1899 168 1933 Clare
198 1899 308 1933 villam
338 1909 446 1932 meam
475 1897 661 1932 Hrubczicz
690 1909 795 1944 prope
825 1898 956 1932 Grelicz
985 1901 1079 1931 sitam
1109 1909 1182 1931 cum
1213 1901 1304 1932 curia
1333 1899 1476 1932 allodiali
1504 1904 1537 1933 et
1565 1902 1636 1933 eius
1665 1899 1804 1942 cultura,
1839 1903 1928 1944 agris

69 1960 164 1993 cultis
193 1964 225 1993 et
253 1959 394 2002 incultis,
424 1957 577 2001 vallibus,
607 1957 736 2001 rubeto,
772 1958 858 2004 quod
888 1959 1074 2003 vulgariter
1103 1958 1220 1992 dicitur
1251 1958 1384 2005 Olssye,
1422 1959 1595 2003 fructibus‚
1632 1962 1745 2005 pratisq
1785 1963 1928 2006 pascuis

72 2023 164 2063 ortis,
194 2022 299 2065 aquis,
329 2030 489 2064 aquarum
518 2018 725 2054 decursibus,
756 2018 955 2052 fluminibus.
984 2021 1077 2061 rivis2
1108 2022 1247 2063 stagnis,
1285 2019 1468 2065 paludibus„
1497 2020 1747 2066 piscationibus.
1778 2032 1929 2066 aucupa-

70 2079 231 2123 omnibus,
273 2078 441 2121 censibus,
489 2078 682 2122 redditibus,
729 2078 957 2125 proventibus.
996 2078 1121 2122 usibus7
1167 2079 1403 2122 usufrucubusff
1441 2083 1548 2126 penis,
1600 2081 1729 2114 mulctis
1777 2092 1816 2114 ac
1859 2081 1930 2114 aliis

71 2140 321 2186 quibuscunque
350 2139 540 2173 utilitatibus
569 2142 749 2182 universis,
787 2150 879 2173 mero
918 2144 949 2173 et
985 2140 1083 2185 pleno
1121 2140 1264 2173 dominio
1300 2140 1400 2174 nichil
1437 2141 1537 2174 michi
1571 2152 1611 2175 ac
1640 2144 1722 2175 meis
1753 2141 1930 2174 heredibus

71 2200 193 2235 ibidem
221 2211 402 2234 reservans
431 2202 561 2245 penitus
591 2210 664 2232 cum
695 2202 784 2232 omni
812 2199 964 2233 libertate
994 2204 1026 2233 et
1050 2200 1290 2243 jurisdiccione
1327 2200 1483 2246 qualibet,
1521 2204 1606 2236 sicut
1642 2202 1731 2235 solus
1770 2201 1929 2235 hactenus

72 2261 124 2294 illa
152 2260 239 2295 hona
267 2263 357 2294 tenui
385 2264 417 2293 et
438 2259 583 2305 possedi,
614 2270 676 2292 nec
696 2270 763 2292 non
782 2270 856 2293 curn
877 2263 998 2294 ceteris
1020 2263 1247 2306 pertinenciis7
1276 2264 1308 2295 in
1329 2261 1579 2308 quibuscunque
1600 2262 1699 2296 rebus
1724 2265 1930 2295 constiterint

71 2332 131 2355 seu
163 2320 413 2366 quibuscunque
450 2319 648 2366 specialibus
696 2319 883 2353 nominibus
929 2321 1144 2366 appellentur,
1193 2324 1300 2364 metis,
1347 2322 1499 2367 gadibus,
1543 2325 1712 2367 graniciis.
1763 2322 1928 2356 limitibus.

73 2380 369 2419 circumferenciis*
408 2379 685 2425 quemadmodum
715 2379 800 2413 bona
838 2379 1026 2414 huiusmodi
1065 2381 1104 2414 ab
1143 2381 1214 2415 aliis
1251 2381 1347 2416 bonis
1385 2382 1739 2416 circumadiaceutibus
1778 2385 1929 2416 circum—

73 2441 297 2475 ferencialiter
316 2442 494 2485 antiquitus
513 2444 589 2474 sunt
608 2440 773 2482 distincta,
789 2451 850 2486 pro
871 2443 1092 2486 septingentis
1113 2444 1234 2476 marcis
1253 2453 1450 2487 grossorum
1470 2443 1682 2477 denariorum
1703 2446 1929 2487 pragensium.

73 2513 155 2547 quas
189 2513 207 2535 a
244 2501 374 2547 prefato
411 2504 560 2546 principe
597 2503 662 2534 iam
701 2500 741 2534 de
776 2500 862 2534 facto
899 2504 1034 2547 percepi
1069 2506 1101 2535 et
1139 2505 1170 2535 in
1208 2513 1287 2536 usus
1325 2506 1478 2549 proprios
1516 2506 1685 2545 conversi,
1730 2502 1931 2536 hereditario

73 2561 177 2608 tytulo
206 2561 352 2605 vendidi,
382 2560 618 2604 condescendi„
650 2563 822 2605 resignavi
851 2565 881 2593 et
912 2561 1030 2595 tradidi
1059 2566 1092 2596 et
1120 2565 1242 2596 virtute
1267 2567 1477 2608 presencium
1506 2564 1629 2598 vendo.
1660 2564 1765 2598 trado.
1796 2567 1931 2607 resigno

225 2675 256 2709 ἐξ)
280 2675 338 2701 Soll
363 2676 436 2701 wohl
461 2675 559 2701 stelien
584 2684 598 2700 e
609 2684 623 2699 x
634 2684 647 2699 e
659 2685 673 2699 e
683 2684 696 2700 s
706 2684 718 2700 s
729 2683 744 2699 u
755 2683 776 2699 s⁴
