2336 3074
994 199 1064 234 291
1087 252 1131 254 —

982 356 1091 392 321.

101 460 208 495 Pabst
246 460 363 495 Urbate
401 460 454 495 Vl.
487 460 687 505 beauflraqt
723 461 788 494 den
817 460 951 503 Prayer
988 459 1206 504 Erzbiscltof,
1237 460 1311 493 dem
1349 458 1501 503 Bischof
1533 469 1596 491 ron
1632 457 1749 491 Pemza
1787 457 1853 490 und
1888 456 1964 490 (lem

101 520 329 555 Schottenabt
358 523 391 554 ln
429 520 527 556 l‘l'e'en
556 522 619 555 das
652 520 786 554 Urthee'l
814 532 854 554 ze!
879 521 1085 564 publiea-en.
1119 525 1276 564 rermoye
1307 518 1463 552 wele-leem
1493 519 1547 552 die
1578 518 1718 551 Brilder
1751 517 1867 551 Ulriele
1896 517 1964 550 und

165 582 303 616 Johaun
334 594 397 615 ron
426 581 598 615 Heroltitz
627 583 660 615 in
690 581 797 615 ἰὴν-ειη
826 581 994 614 Prot-esse
1023 583 1080 614 mil
1109 581 1181 614 dem
1211 580 1353 613 Kloster
1382 579 1500 613 Brnclc
1527 578 1713 623 sachfa'lle'y
1744 578 1893 611 iretrden.

721 640 779 675 Dc.
810 641 947 686 Neapel
976 641 1007 675 1.
1039 641 1198 675 Febraar
1227 640 1337 674 1384.

255 718 429 771 Urbanus
467 740 645 783 episcopus
680 749 801 771 servus
844 748 1020 771 servorum
1059 737 1123 774 deiq
1162 735 1411 770 venerabilibus
1449 734 1665 769 fratribus..
1703 734 1959 780 archiepiscopo

99 798 260 843 Pragensi
289 803 378 832 et..
411 801 569 844 episcopo
607 798 773 832 Pennensi
811 809 850 831 ac
883 798 1003 831 dilecto
1041 797 1106 831 filio
1144 796 1253 830 abbati
1291 799 1485 830 monasterii
1523 795 1701 829 Scotorum
1740 798 1771 829 in
1800 795 1959 841 W⁷yenna

97 859 306 894 Pataviensis
336 859 480 893 diocesis
518 859 657 893 salutem
696 863 729 892 et
766 859 982 904 apostolicam
1020 858 1305 892 benediccionem.
1363 856 1488 890 Peticio
1527 856 1722 890 dilectorum
1757 855 1898 890 filiorum
1921 883 1959 890 ..

97 919 225 953 abbatis
255 924 286 953 et
315 924 502 953 conventus
532 922 725 953 monasterii
753 919 925 957 Lucensis„
946 918 1266 952 Premonstratensis
1287 918 1423 954 ordinis.
1445 916 1679 951 olomucensis
1701 917 1844 950 diocesis
1865 915 1960 950 nobis

97 980 245 1014 exhibita
275 980 475 1023 continebat‚
497 980 584 1025 quod
613 980 689 1013 licet
717 980 796 1013 ville
826 980 866 1013 de
894 979 1040 1023 Rotioelr
1062 979 1141 1012 alias
1162 978 1384 1025 Rokytnicze,
1406 982 1438 1011 et
1458 977 1687 1023 Pokoyowicz
1708 977 1795 1010 dicte
1816 977 1959 1010 diocesis

97 1045 129 1074 et
158 1041 241 1075 silva
272 1041 357 1074 dicta
386 1040 572 1074 Abczwald
603 1043 634 1074 in
656 1041 742 1074 dicta
763 1040 890 1074 diocesi
911 1043 1096 1073 consistens
1117 1050 1190 1072 cum
1213 1050 1327 1073 earum
1347 1041 1462 1084 pratis5
1483 1040 1628 1084 pascuis,
1649 1037 1777 1073 rivuliS.
1798 1048 1956 1082 aquarum

96 1101 293 1135 decursibus
322 1112 361 1134 ac
389 1100 514 1135 iuribus
543 1105 576 1135 et
604 1103 818 1147 pertinenciis
857 1100 1038 1134 earundem
1076 1104 1106 1133 et
1142 1099 1280 1143 fructus,
1311 1099 1457 1133 redditus
1496 1103 1527 1132 et
1564 1102 1748 1143 proventus
1787 1108 1831 1130 ex
1864 1097 1959 1130 dictis

95 1162 195 1199 villis*
225 1162 321 1198 silva*
351 1165 465 1207 pratis„
495 1164 640 1207 pascuis„
669 1161 786 1195 rivulis
815 1165 846 1194 et
875 1171 1035 1206 aquarum
1065 1160 1259 1194 decursibus
1288 1163 1528 1205 provenientes
1557 1158 1597 1192 ad
1626 1161 1716 1204 ipsos
1746 1157 1899 1191 abbatem
1927 1162 1958 1190 et

98 1226 301 1256 conventum
331 1233 370 1255 ac
399 1224 637 1255 monasterium
666 1224 904 1268 pertinuissent
941 1226 972 1255 et
1000 1224 1224 1267 pertinerent;
1271 1223 1345 1266 quia
1384 1225 1493 1253 tamen
1523 1219 1654 1253 Ulricus
1684 1223 1716 1252 et
1743 1217 1852 1251 Janko
1882 1218 1958 1251 dicti

98 1282 140 1316 de
168 1282 348 1325 Heroum,
379 1282 501 1316 fratres
531 1285 690 1327 armigeri
720 1282 806 1316 dicte
836 1282 993 1317 diocesis.
1024 1282 1106 1316 falso
1136 1286 1340 1324 asserentes,
1370 1281 1495 1321 villam,
1524 1280 1655 1316 silvam.
1685 1283 1791 1325 pratat
1821 1289 1957 1324 pascua,

96 1343 236 1386 rivulos,
265 1354 424 1388 aquarum
455 1343 615 1377 decursus
645 1347 677 1377 et
705 1342 843 1385 fructus,
873 1343 1020 1377 redditus
1049 1347 1079 1376 et
1109 1347 1292 1388 proventus
1313 1341 1500 1375 huiusmodi
1520 1340 1560 1374 ad
1581 1351 1618 1373 se
1638 1342 1818 1385 pertinere„
1840 1339 1957 1372 eadem

97 1403 207 1446 villas,
236 1403 368 1445 silvam,
397 1407 502 1449 prata.
541 1415 678 1449 pascua,
707 1403 847 1446 rivulos,
877 1415 1037 1449 aquarum
1076 1404 1236 1436 decursus
1274 1407 1306 1436 et
1343 1402 1481 1443 fructus,
1519 1400 1667 1434 redditus
1705 1404 1736 1433 et
1774 1403 1958 1445 proventus

98 1463 307 1510 occupabant
335 1468 367 1497 et
395 1464 587 1498 detinebant
616 1463 761 1498 indebite
790 1469 964 1510 occupata.
994 1464 1119 1498 fructus
1149 1474 1191 1496 ex
1227 1463 1353 1496 eisdem
1391 1461 1618 1508 percipiendO.
1648 1460 1747 1494 iidem
1786 1459 1888 1493 abbas
1927 1464 1957 1493 et

97 1529 285 1558 conventus
314 1524 450 1558 eosdem
480 1524 627 1558 UlrIcum
658 1529 689 1558 et
718 1524 905 1558 Jankonem
934 1536 1036 1570 super
1063 1524 1127 1557 hoc
1146 1523 1290 1569 petendo
1319 1524 1545 1569 pronunciari.¹
1567 1521 1703 1555 decerni
1729 1525 1761 1554 et
1781 1520 1957 1561 declarari,

98 1585 206 1628 villas,
236 1585 367 1627 silvam,
397 1589 503 1630 prata,
533 1596 668 1630 pascum
708 1585 847 1628 rivulos,
877 1596 1036 1630 aquarum
1075 1585 1236 1618 decursus
1274 1588 1305 1617 et
1342 1583 1481 1625 fructus,
1511 1582 1659 1615 redditus
1697 1592 1736 1614 ac
1773 1584 1957 1626 proventus

97 1645 286 1679 huiusmodi
315 1646 354 1679 ad
385 1645 521 1679 eosdem
557 1645 710 1679 abbatem
740 1651 771 1679 et
809 1651 1011 1680 conventum
1050 1657 1089 1679 ac
1126 1647 1363 1678 monasterium
1399 1646 1570 1689 pertinere
1608 1646 1640 1676 et
1677 1645 1725 1675 eis
1763 1641 1957 1683 adiudicari‚

96 1709 254 1752 ipsosque
282 1705 431 1740 Ulricum
469 1711 500 1739 et
528 1705 715 1740 Jankonem
755 1707 909 1752 compelli
948 1710 980 1740 et
1017 1706 1232 1739 condemnari
1270 1706 1309 1738 ad
1350 1703 1576 1738 dimittendum
1614 1702 1741 1736 eisdem
1780 1701 1889 1735 abbati
1926 1705 1958 1734 et

96 1769 277 1800 conventui
306 1770 339 1800 et
367 1769 571 1800 monasterio
600 1767 708 1804 villas,
738 1767 869 1802 silvam.
899 1772 1004 1812 prata.
1034 1778 1169 1813 pascum
1199 1766 1338 1808 rivulos,
1368 1775 1528 1810 aquarum
1565 1764 1727 1797 decursus
1756 1767 1787 1796 et
1818 1762 1956 1801 fructus„

96 1827 244 1860 redditus
274 1831 306 1860 et
333 1831 516 1872 proventus
546 1826 733 1860 huiusmodi
768 1832 799 1860 et
836 1827 876 1861 ab
913 1831 1138 1873 occupacione
1177 1831 1207 1859 et
1245 1826 1444 1859 detencione
1481 1824 1665 1858 eorundem
1700 1826 1885 1857 ammoveri
1925 1826 1956 1856 et

96 1888 224 1921 eisdem
262 1898 364 1933 super
400 1887 495 1922 dictis
523 1888 622 1925 villis,
661 1888 757 1931 silva,
796 1892 911 1934 pratIs,
949 1891 1091 1934 pascuis.
1131 1888 1247 1921 rivulis
1285 1897 1444 1932 aquarum
1479 1884 1675 1919 decursibus
1713 1889 1745 1918 et
1783 1883 1956 1925 fructibus,

96 1947 279 1981 redditibus
308 1952 338 1981 et
367 1948 586 1994 proventibus
615 1948 802 1982 huiusmodi
831 1953 1027 1995 perpetuum
1057 1949 1227 1982 silencium
1258 1950 1381 1992 imponi
1410 1957 1553 1980 coram.
1577 1973 1583 1979 .
1614 1944 1734 1978 abbate
1763 1946 1957 1978 monasterii

96 2008 301 2050 Milocensis,
331 2007 511 2053 Pragensis
541 2008 697 2051 diocesis-
726 2014 969 2043 conservatore
1003 2009 1128 2042 eisdem
1158 2008 1266 2041 abbati
1297 2012 1327 2040 et
1357 2009 1537 2040 conventui
1574 2008 1767 2039 monasterii
1796 2005 1956 2038 Lucensis

96 2073 213 2102 contra
242 2069 426 2102 inferentes
455 2071 503 2102 eis
532 2071 668 2103 iniurias
697 2073 729 2102 et
758 2072 903 2103 iacturas
932 2072 964 2103 in
993 2069 1087 2103 bouis
1117 2073 1147 2102 et
1177 2067 1290 2105 rebus,
1320 2067 1360 2100 ad
1390 2070 1480 2112 ipsos
1509 2065 1661 2099 abbatem
1691 2070 1723 2099 et
1753 2069 1953 2099 conventum

96 2140 136 2162 ac
164 2132 401 2162 monasterium
430 2129 582 2163 Lucense
611 2129 836 2174 spectantibus
875 2141 891 2163 a
922 2130 1002 2163 sede
1031 2130 1212 2175 apostolica
1241 2139 1301 2174 per
1329 2130 1430 2173 ipsius
1460 2127 1548 2161 sedis
1576 2127 1703 2160 litteras
1740 2125 1894 2171 deputato
1925 2129 1957 2157 et

96 2188 240 2222 habente
269 2189 497 2234 cognoscendi
527 2189 567 2222 de
596 2188 670 2231 hus,
701 2201 764 2234 que
793 2190 979 2224 iudicialem
1009 2190 1198 2234 indaginem
1220 2191 1370 2233 exigunt.
1392 2187 1571 2233 specialem
1593 2198 1654 2232 per
1674 2186 1808 2219 easdem
1829 2186 1956 2219 litteras

95 2254 306 2296 potestatemq
336 2253 456 2294 vigore
484 2253 657 2295 potestatis
686 2250 873 2284 huiusmodi
903 2250 1054 2284 fecerunt
1083 2250 1121 2283 ad
1153 2249 1306 2282 iudicium
1337 2251 1475 2282 evocari
1503 2248 1658 2292 idemque
1678 2246 1780 2280 abbas
1810 2255 1955 2278 conser—

96 2315 194 2344 vator
232 2312 375 2355 cognitis
411 2310 598 2344 huiusmodi
637 2322 738 2344 cause
776 2314 901 2344 meritis
940 2315 970 2344 et
1008 2313 1088 2344 iuris
1126 2310 1242 2343 ordine
1277 2313 1414 2342 servato
1453 2308 1658 2341 diffinitivam
1698 2311 1812 2340 contra
1850 2306 1955 2338 dictos

95 2370 244 2405 Ulricum
273 2375 306 2404 et
333 2370 520 2404 Jankonem
550 2374 753 2405 sentenciam
784 2372 1007 2417 promulgavit
1029 2374 1184 2416 ipsosque
1213 2373 1244 2403 in
1274 2372 1444 2415 expensis,
1465 2371 1496 2402 in
1518 2367 1705 2401 huiusmodi
1726 2377 1825 2400 causa
1846 2365 1955 2400 factiS.

95 2431 328 2465 nichilominus
357 2432 592 2466 condemnavit
620 2435 766 2478 ipsarum
797 2443 1021 2477 expensarum
1052 2433 1229 2464 taxacione
1258 2429 1319 2463 sibi
1348 2432 1565 2474 imposterum
1594 2431 1782 2461 reservata.
1830 2427 1862 2460 A
1892 2436 1955 2470 qua

96 2491 228 2536 quidem
257 2494 428 2525 sentencia
458 2492 516 2525 fuit
545 2503 605 2538 pro
634 2496 728 2538 parte
758 2492 920 2525 dictorum
943 2492 1043 2526 Ulrici
1073 2496 1103 2524 et
1124 2489 1287 2524 Jankonis
1308 2490 1347 2523 ad
1369 2489 1483 2522 sedem
1504 2488 1721 2534 apostolicam
1743 2486 1954 2532 appellatum.

95 2551 232 2598 Nosque
261 2553 300 2586 ad
331 2555 526 2586 instanciam
548 2553 710 2586 dictorum
740 2552 867 2586 abbatis
897 2557 926 2585 et
955 2556 1140 2585 conventus
1161 2552 1353 2584 monasterii
1374 2549 1534 2583 LucensIs
1555 2550 1782 2581 asserencium
1803 2546 1957 2592 appella-

95 2615 226 2646 cionem
255 2613 442 2647 huiusmodi
472 2613 638 2647 desertam
670 2613 743 2646 fore
773 2624 908 2646 causam
929 2612 1167 2658 appellacionis
1197 2615 1229 2644 et
1259 2611 1466 2643 desercionis
1487 2609 1636 2642 eiusdem
1657 2607 1843 2642 venerabili
1864 2607 1957 2640 fratri

94 2678 209 2708 nostro
240 2673 477 2708 Bartholomeo
507 2676 665 2719 episcopo
694 2673 922 2707 Lucerinensi.
953 2677 1028 2705 tunc
1058 2671 1230 2716 capellano
1251 2674 1366 2704 nostro
1395 2674 1425 2703 et
1448 2669 1619 2715 apostolici
1640 2668 1759 2714 palacii
1780 2677 1955 2701 causarum

1750 2735 1800 2744 ‹vt-z·

1749 2744 1798 2760 01·'
