2336 3074
999 206 1008 237 u«

1015 206 1035 239 σύ

1051 206 1061 237 να

973 361 1082 397 351.

90 460 170 494 Petr
199 460 350 505 Be'scleof
373 472 437 495 ron
469 462 601 495 Olmezsstz-
631 464 762 495 rerem!
791 464 846 496 die
876 463 1001 508 Pfarre
1032 476 1094 498 rou
1126 465 1346 509 Nezamgssle'c
1375 468 1432 499 neit
1461 468 1522 500 det·
1551 468 1766 511 “layas-tinet·
1796 468 1958 502 Probstei

533 524 566 556 in
596 522 812 557 Lamlsltron.
870 524 927 558 Dt.
963 525 1094 558 Olnmtz,
1123 525 1181 559 22.
1214 525 1372 559 Febr-mir
1405 526 1513 560 1385.

244 597 290 651 1η
320 620 453 651 nomine
490 618 614 651 domini
643 629 750 652 amen.
801 618 881 652 Cum
921 620 1054 665 dignum
1094 624 1213 655 iustum
1243 624 1363 655 existat
1399 627 1430 656 et
1468 626 1499 656 in
1537 623 1688 658 omnibus
1725 625 1882 667 salutare,
1923 629 1956 659 ut

87 679 138 723 pia
168 677 310 711 fidelium
341 682 431 721 vota,
471 678 588 724 quihus
617 683 831 723 augmentum
869 680 974 714 cultus
1004 681 1105 715 divini
1144 686 1175 715 et
1204 682 1292 716 salus
1321 685 1477 727 provenit
1505 686 1701 726 animarum,
1737 688 1768 718 in
1798 691 1954 731 quantum

87 741 296 784 omnipotens
334 749 376 772 ex
405 738 470 772 alto
508 738 603 772 nobis
632 743 850 777 concesserit.
888 741 927 773 ad
967 741 1095 775 laudem
1133 745 1321 776 excitentur
1356 743 1504 777 altissimi
1543 749 1574 777 et
1609 748 1752 778 excitata
1790 749 1954 780 continuis

86 801 146 844 piis
183 799 339 845 operibus
367 811 428 846 per
465 803 621 834 virtutum
651 804 821 834 transeant
858 804 1082 835 incrementa:
1113 813 1174 836 nos
1211 802 1327 836 Petrus
1357 803 1408 837 dei
1439 808 1468 837 et
1505 805 1687 850 apostolice
1715 806 1803 839 sedis
1838 809 1954 851 gracia

86 863 263 905 episcopus
293 859 526 894 Olomucensis
555 865 672 894 tenore
701 864 913 906 presencium
943 865 1218 907 recognoscimus
1248 866 1425 898 universis.
1446 864 1552 905 Quod
1583 877 1656 899 cum
1687 866 1806 899 dudum
1841 867 1953 901 villam

85 920 305 955 Nezamislicz
343 926 457 956 nostre
495 922 580 955 dioc.
612 921 763 956 Olomuc.
801 934 874 955 cum
905 923 1043 967 singulis
1080 926 1147 957 suis
1177 923 1301 957 iuribus
1339 928 1371 957 et
1399 927 1625 970 pertinenciis.
1665 937 1762 971 quam
1797 938 1813 959 a
1852 927 1954 961 nobili

85 983 159 1014 viro
197 981 330 1015 domino
369 981 515 1016 Stiborio
553 982 593 1016 de
631 981 837 1017 Towaczaw
876 983 915 1016 de
953 982 1048 1016 bonis
1086 983 1181 1017 nobis
1218 995 1236 1017 a
1274 984 1336 1017 deo
1372 985 1499 1018 collatis
1538 988 1598 1018 rite
1637 990 1667 1019 et
1706 986 1954 1021 racionabiliter

84 1044 223 1076 emimus
261 1046 293 1076 et
322 1045 592 1088 comparavimus
630 1046 832 1077 monasterio
879 1048 994 1077 nostro
1030 1046 1060 1077 in
1099 1043 1295 1078 Lanczkron
1333 1045 1419 1079 dioc.
1458 1045 1744 1089 Lutliomislensis,
1787 1048 1873 1092 quod
1912 1048 1951 1081 ad

83 1102 213 1136 laudem
253 1103 401 1137 altissimi
440 1103 480 1137 de
517 1114 607 1137 novo
651 1103 875 1147 fundavimus,
915 1106 1084 1138 ereximus
1122 1109 1154 1138 et
1189 1109 1448 1149 construximus,
1487 1106 1573 1140 dono
1619 1118 1711 1141 mere
1747 1107 1952 1142 liberalitatis

84 1163 333 1207 donaverimus,
372 1164 603 1199 tradiderimus
641 1169 673 1198 et
710 1167 997 1209 assignaverimus
1034 1168 1202 1211 perpetuis
1232 1166 1437 1212 temporibus
1473 1167 1661 1209 tenendam,
1698 1167 1883 1201 habendam
1920 1173 1953 1202 et

82 1224 318 1270 possidendam
339 1228 371 1258 et
398 1229 473 1271 post
502 1225 655 1260 diversos
684 1230 842 1259 tractatus
872 1230 902 1259 et
924 1225 1188 1260 deliberaciones
1219 1226 1414 1272 multiplices
1443 1238 1602 1260 successu
1632 1231 1790 1273 temporis
1820 1228 1950 1262 habitos

83 1289 115 1318 et
144 1284 343 1329 celebratos,
372 1285 450 1319 utile
480 1297 664 1320 consonum
694 1291 726 1319 et
745 1297 930 1331 congruum
960 1291 1026 1319 tum
1057 1291 1193 1332 propter
1221 1290 1373 1331 regimen
1402 1287 1480 1321 ville
1509 1288 1687 1330 antedicte,
1717 1293 1783 1322 tum
1814 1294 1950 1334 propter

82 1344 204 1379 bonum
247 1349 366 1379 statum
412 1350 445 1380 et
481 1346 666 1392 profectum
714 1347 857 1380 ecclesie
900 1347 1047 1380 eiusdem
1091 1351 1122 1380 et
1163 1347 1359 1390 incolarum,
1407 1352 1473 1382 tum
1519 1353 1657 1394 propter
1698 1349 1873 1383 comodum
1917 1355 1950 1384 et

82 1406 253 1439 utilitatem
296 1409 488 1441 monasterii
535 1409 721 1451 memorati,
768 1407 855 1453 quod
898 1410 966 1453 ipsa
1014 1407 1157 1441 ecclesia
1199 1408 1401 1454 parochialis
1448 1409 1596 1442 eiusdem
1640 1410 1717 1444 ville
1763 1421 1837 1443 cum
1881 1413 1948 1444 suis

81 1465 274 1509 redditibus,
312 1466 473 1501 fructibus
512 1471 543 1501 et
579 1467 769 1502 utilitatibus
806 1468 892 1501 dicto
931 1471 1134 1502 monasterio
1172 1471 1203 1502 in
1241 1468 1457 1503 Lauczkrona
1501 1473 1773 1515 incorporaretur
1819 1475 1851 1504 et
1888 1482 1949 1517 per

80 1525 217 1560 fratrem
264 1527 411 1561 eiusdem
459 1528 608 1562 eiusdem
656 1528 740 1574 [sic]
788 1531 991 1571 monasterii,
1040 1531 1092 1562 cui
1133 1529 1173 1562 dc
1216 1529 1376 1563 fructibus
1418 1530 1567 1563 eiusdem
1612 1530 1755 1564 ecclesie
1797 1542 1946 1575 congrua

81 1589 284 1620 sustentacio
321 1590 562 1632 assignaretur,
592 1593 757 1635 tamquam
796 1593 957 1635 perpetuo
986 1592 1113 1622 vicario
1151 1590 1353 1635 perampltus
1382 1594 1571 1634 regeretur.
1602 1595 1633 1623 ut
1669 1593 1700 1624 in
1729 1594 1819 1636 pacis
1849 1596 1946 1625 tran-

80 1647 238 1693 quillitate
277 1650 434 1683 viventes
471 1649 631 1683 altissimo
666 1652 791 1695 possint
839 1650 999 1683 devocius
1038 1650 1201 1692 famulari,
1239 1650 1400 1696 paternali
1436 1653 1630 1696 provisione
1667 1651 1945 1688 desideravimus,

80 1708 222 1741 comodo
260 1713 292 1742 et
327 1709 454 1742 utilitati
492 1713 556 1743 tam
596 1713 741 1755 ipsorum
781 1710 917 1744 fratrum
957 1721 1053 1755 quam
1092 1710 1274 1744 incolarum
1313 1711 1390 1745 ville
1429 1716 1613 1745 memorate
1660 1712 1859 1757 proxddere:
1905 1712 1945 1745 de

78 1768 248 1802 voluntate
286 1773 318 1802 et
347 1780 513 1804 consensu
542 1770 785 1804 honorabilium
824 1773 972 1804 virorum
1003 1771 1215 1804 dominorum·
1248 1771 1402 1805 Bederici
1432 1772 1549 1805 decani
1579 1776 1610 1805 et
1639 1772 1771 1818 capituli
1800 1772 1945 1806 ecclesie

77 1833 191 1863 nostre
234 1829 466 1865 Olomucensis
509 1831 645 1865 fratrum
693 1836 882 1865 nostrorum
929 1834 1176 1865 carissimorum
1223 1835 1386 1877 premisso
1436 1837 1576 1866 tractatu
1623 1832 1752 1866 solenni
1789 1837 1821 1866 et
1863 1835 1944 1867 iuris

77 1889 341 1933 solennitatibus,
377 1902 440 1936 que
477 1894 509 1925 in
548 1892 665 1926 talibus
694 1895 846 1926 invenire
885 1896 1143 1935 consueuerunt,
1173 1891 1291 1925 dictam
1331 1893 1507 1926 ecclesiam
1547 1895 1578 1926 in
1611 1892 1833 1926 Nezamislicz
1868 1904 1942 1927 cum

77 1950 216 1994 singulis
245 1953 313 1984 suis
341 1951 479 1994 iuribus,
508 1952 738 1998 proventibus,
769 1952 962 1986 redditibus.
984 1950 1223 1995 oblacionibus,
1254 1952 1530 1996 obvencionibus‚
1561 1953 1763 1995 utilitatibus,
1793 1954 1943 1987 comodis

77 2014 109 2043 et
136 2013 351 2055 pertinenciis
380 2014 547 2046 universis
577 2015 639 2058 ipsi
668 2016 871 2047 monasterio
892 2011 1111 2046 Lanczkrona
1140 2011 1350 2057 presentibus
1380 2016 1411 2046 in
1440 2013 1492 2047 dei
1522 2016 1655 2046 nomine
1685 2016 1941 2057 invisceramus,

76 2073 217 2111 unimus,
238 2075 444 2106 annectimus
474 2077 506 2106 et
525 2076 791 2118 incorporamus,
820 2076 862 2106 ita
883 2073 970 2118 quod
999 2072 1139 2106 cedente
1167 2073 1224 2106 vel
1243 2073 1426 2107 decedente
1451 2078 1584 2107 rectore
1614 2074 1762 2107 eiusdem
1784 2074 1941 2117 ecclesie.

77 2133 131 2175 qui
168 2131 207 2164 ad
246 2143 387 2177 presens
423 2136 547 2176 existit,
592 2137 780 2179 prepositus
819 2138 849 2167 et
885 2138 1070 2167 conventus
1115 2133 1262 2167 eiusdem
1301 2137 1495 2168 monasterii
1538 2134 1734 2168 Lanczkron
1781 2135 1940 2177 redditus,

75 2190 214 2234 fructus,
234 2197 418 2237 proventus
447 2197 478 2226 et
500 2193 654 2228 utilitates
684 2194 770 2228 dicte
800 2194 944 2228 ecclesie
963 2196 1139 2239 percipere
1168 2194 1303 2228 valeant
1322 2199 1354 2228 et
1383 2197 1415 2228 in
1435 2198 1627 2229 monasterii
1658 2198 1707 2229 sui
1737 2199 1940 2229 convertere

74 2251 241 2295 utilitates,
280 2252 457 2287 dummodo
486 2256 547 2299 ipsi
584 2258 773 2300 prepositus
802 2259 833 2288 et
871 2258 1056 2288 conventus
1086 2253 1223 2288 fratrem
1251 2257 1301 2289 sui
1330 2258 1523 2289 monasterii
1559 2255 1727 2301 ydoneum
1763 2255 1857 2289 nobis
1886 2259 1941 2288 aut

77 2315 266 2346 successori
285 2317 400 2347 nostro
430 2317 591 2348 canonice
611 2317 879 2360 presentaverint
910 2315 1086 2348 ecclesiam
1109 2314 1148 2347 ad
1178 2315 1318 2348 eandem
1347 2315 1581 2349 instituendum
1603 2320 1634 2349 et
1663 2315 1939 2349 confirmandum.

75 2374 128 2416 qui
166 2372 312 2406 divinum
342 2372 487 2407 officium
525 2380 666 2419 peragat
695 2379 727 2408 et
755 2375 870 2408 incolis
900 2375 1048 2409 eiusdem
1078 2375 1140 2409 loci
1180 2376 1408 2409 ecclesiastica
1439 2378 1601 2409 ministret
1629 2381 1850 2409 sacramenta.
1898 2374 1939 2408 Et

74 2435 108 2465 ut
134 2432 221 2466 idem
242 2435 388 2466 vicarius
417 2438 596 2479 perpetuus
617 2446 799 2480 congruam
830 2435 967 2468 liaberet
997 2439 1279 2469 sustentacionem
1308 2447 1368 2481 pro
1389 2447 1425 2469 se
1454 2440 1485 2469 et
1505 2438 1573 2470 suis
1602 2439 1702 2470 sociis
1723 2441 1753 2470 et
1775 2436 1938 2481 hospitum

74 2503 212 2526 accessu
251 2504 382 2527 necnon
411 2504 471 2539 pro
507 2494 677 2529 solvendis
707 2495 830 2529 iuribus
867 2500 897 2529 et
927 2495 1083 2529 oneribus
1118 2496 1305 2540 legatorum
1335 2500 1365 2529 et
1401 2499 1595 2529 nunciorum
1635 2496 1723 2530 sedis
1758 2496 1939 2542 apostolice

73 2563 112 2585 ac
132 2555 366 2599 episcoporum
383 2558 414 2587 et
434 2554 759 2593 archidiaconorum,
781 2556 820 2589 dc
841 2555 1034 2590 redditibus.
1053 2555 1212 2589 fructibus
1234 2560 1263 2589 et
1286 2556 1503 2602 proventibus
1525 2559 1595 2602 ipso
1616 2560 1744 2590 vicario
1765 2561 1938 2602 perpetuo.

72 2615 126 2657 qui
155 2624 215 2658 pro
237 2617 386 2659 tempore
416 2614 526 2653 fuerit,
548 2627 646 2648 unuin
676 2616 807 2649 laneum
830 2627 902 2649 cum
933 2616 1042 2649 medio
1072 2616 1167 2649 laneo
1189 2627 1360 2661 agrorum,
1391 2617 1534 2650 ecclesie
1564 2617 1711 2650 eiusdem
1742 2617 1935 2650 offertorim.

72 2672 158 2717 quod
193 2684 254 2718 per
295 2685 411 2708 manus
458 2674 600 2708 fidelium
644 2675 787 2709 oblatum
828 2676 935 2719 fuerit,
979 2688 1101 2709 novem
1141 2676 1288 2710 fertones
1330 2688 1527 2721 grossorum
1566 2680 1596 2710 in
1639 2689 1741 2711 censu
1790 2677 1937 2710 decimas

1726 2743 1780 2768 41²*-
