2336 3074
1002 189 1070 223 421

109 305 181 328 cum
212 293 364 328 omnibus
384 294 584 330 civitatibus.
614 297 744 332 castris,
774 292 860 327 villis
881 297 913 326 et
933 293 1072 339 oppidis³
1098 293 1350 337 jurisdiccionss
1381 292 1538 328 dominio,
1569 290 1766 335 vasallagi0‚
1798 289 1966 334 homagio,

109 357 262 388 serviciis
297 359 329 388 et
366 357 586 389 serviciorum
623 353 901 399 prestacionibus‚
946 356 1066 387 steuris
1103 358 1134 387 et
1172 352 1422 395 exaccionibus‚
1461 354 1706 398 episcoporum,
1746 352 1901 383 comitum
1940 354 1968 382 et

109 415 245 448 aliarum
278 426 549 461 quarumcunque
578 424 796 460 personarum
827 413 933 447 feodis
963 418 994 447 et
1023 414 1287 459 obligacionibus
1317 418 1349 447 ct
1377 413 1582 458 generaliter
1610 423 1684 446 cum
1723 411 1875 445 omnibus
1904 412 1971 443 suis

106 474 246 520 juribus,
292 474 486 513 honoribus„
529 474 657 508 tributis
695 478 727 508 et
770 477 890 508 tenutis
927 479 959 508 et
995 478 1121 508 cunctis
1160 477 1230 508 eius
1265 476 1491 520 pertinenciis„
1536 472 1738 515 utilitatibus,
1777 470 1971 505 redditibus.

108 535 326 582 proventibus
347 541 379 570 et
398 534 674 578 obvencionibus,
704 535 743 568 ad
765 534 947 571 marchiam
968 540 1115 569 nostram
1138 534 1510 578 Brandcmburgensem
1532 533 1572 567 de
1592 535 1663 566 iure
1680 537 1711 566 et
1731 531 1971 566 consuetudine

109 596 347 642 spectantibus,
378 608 417 630 ac
442 595 502 630 sub
523 598 630 639 metis,
660 595 861 629 districtibus
882 599 914 628 et
933 594 1199 631 limitacionibus.
1230 594 1347 639 quibus
1369 594 1528 627 hactenus
1548 593 1657 627 habita
1679 596 1730 627 est
1749 597 1781 626 et
1801 602 1970 638 possessa.

109 659 370 702 impignoramus
400 661 431 690 ct
459 656 657 701 obligamus.
687 655 758 689 Hiis
787 660 897 689 tamen
927 655 1177 689 condicionibus
1207 659 1360 688 notanter
1379 654 1528 688 adiectis.
1559 653 1646 699 quod
1667 664 1728 687 nos
1748 664 1807 686 seu
1829 652 1970 685 heredes

110 722 143 751 et
171 728 387 751 successores
416 720 521 751 nostri
549 716 669 750 dictam
699 716 881 750 marchiam
911 727 971 762 pro
1001 716 1128 762 prefata
1158 718 1298 761 pecunie
1327 717 1507 760 quantitate
1537 713 1717 758 obligatam
1738 713 1823 747 infra
1850 713 1970 746 dictum

111 780 368 823 quinquennium
399 777 674 822 quandocumque
704 776 811 815 nobis„
841 776 1021 811 heredibus
1050 776 1105 810 vel
1134 775 1388 809 successoribus
1418 778 1539 808 nostris
1568 774 1741 819 placuerit.
1781 773 1911 818 plenam
1941 778 1970 806 et

110 837 248 871 liberam
278 836 471 880 habeamus,
508 848 567 871 seu
597 836 741 870 habeant
776 836 960 870 redimendi
990 837 1192 870 facultatem.
1240 835 1275 868 In
1305 840 1461 869 eventum
1492 846 1587 874 vero,
1626 845 1690 879 quo
1721 844 1793 870 nos„
1829 833 1972 867 heredes

111 898 166 932 vel
208 908 426 932 successores
469 900 572 931 nostri
616 897 735 931 dictam
778 897 960 931 marchiam
1004 895 1377 941 Brandemburgcnsem
1421 896 1505 929 infra
1548 895 1669 929 dictum
1713 896 1971 939 quinquennium

111 970 128 992 a
159 962 310 1004 tempore
339 960 563 992 restitucionis
593 962 791 995 castrorum„
822 958 1008 1004 opidorum,
1038 959 1206 991 civitatum
1237 961 1268 989 et
1298 956 1450 990 villarum
1480 959 1511 989 in
1532 955 1703 1000 Hungaria
1730 954 1971 988 revolvendum

111 1029 177 1052 non
206 1018 447 1052 redimeremus
477 1029 537 1052 seu
566 1023 680 1052 nostro
708 1021 842 1052 nomine
881 1029 946 1052 non
984 1018 1204 1051 redimeretur
1242 1028 1314 1050 cuni
1351 1016 1482 1057 effectu,
1521 1020 1555 1049 ut
1593 1019 1642 1049 est
1678 1014 1812 1057 dictum3
1851 1019 1973 1048 extunc

112 1082 180 1125 ipsa
211 1078 358 1112 marchia
388 1078 734 1123 Brandemburgensis
764 1090 838 1112 cuin
868 1081 1035 1113 universis
1064 1081 1131 1112 suis
1162 1077 1362 1111 accidenciis
1392 1081 1423 1110 et
1452 1078 1666 1122 pertinenciis
1696 1078 1728 1108 in
1752 1075 1807 1119 jus
1838 1079 1869 1108 et
1889 1086 1974 1121 pro-

113 1142 286 1185 prietatem
326 1139 532 1172 dominorum
571 1138 798 1172 marchionum
838 1142 950 1173 veniat
984 1139 1223 1185 predictorum.
1268 1138 1422 1183 quodque
1457 1142 1580 1171 extunc
1618 1141 1792 1170 teneamur
1833 1135 1973 1169 eisdem.

113 1210 296 1244 eorumque
326 1199 504 1233 heredibus
534 1203 566 1233 et
594 1199 854 1245 posteritatibus„
893 1202 1130 1245 proprietatem
1166 1203 1197 1232 et
1230 1200 1285 1243 jus
1315 1199 1400 1232 dicte
1431 1197 1579 1232 marcliie
1608 1196 1800 1230 difficultate
1832 1195 1971 1241 qualibet

113 1264 306 1306 postergata
336 1259 449 1293 facere
478 1258 651 1293 infeodare
681 1271 806 1305 eosque
843 1262 1016 1303 investirQ
1055 1263 1152 1305 prout
1189 1263 1219 1293 in
1259 1258 1376 1293 talibus
1411 1258 1483 1292 sieri
1520 1260 1707 1294 consuevit*
1746 1257 1847 1291 nichil
1881 1256 1976 1290 nobis

111 1321 195 1363 juris
231 1320 285 1353 vel
323 1319 457 1353 dominii
495 1322 527 1353 in
565 1319 650 1353 dicta
690 1320 837 1354 marchia
875 1323 1069 1354 reservatis.
1113 1319 1228 1353 Eciam
1267 1322 1522 1354 consencientes
1561 1330 1736 1364 expresse*
1779 1323 1814 1352 ut
1852 1322 1972 1352 castra.

112 1380 191 1414 ville
220 1384 252 1413 et
281 1379 377 1425 opida
406 1383 547 1426 pignore
576 1380 636 1414 sub
665 1383 733 1414 suis
762 1380 1013 1415 condicionibus
1051 1380 1195 1425 obligata
1224 1392 1284 1426 per
1321 1385 1465 1414 steuram
1502 1391 1561 1413 seu
1598 1382 1798 1425 peticionem
1828 1382 1859 1412 in
1889 1378 1974 1411 dicta

114 1440 261 1474 marchia
292 1452 352 1486 per
380 1452 440 1474 nos
470 1441 703 1487 imponendam
732 1441 847 1474 redimi
878 1440 1020 1474 debeant
1049 1445 1081 1475 et
1109 1453 1126 1474 a
1157 1441 1365 1474 detentorum
1395 1439 1545 1474 manibus
1574 1439 1707 1473 liberari
1736 1443 1807 1473 sine
1837 1439 1912 1473 dolo
1946 1443 1975 1471 et

117 1501 244 1543 fraude,
274 1504 399 1546 patruis
432 1504 554 1535 nostris
575 1501 820 1535 marchionibus
841 1502 997 1547 predictis
1019 1501 1275 1546 suifragantibus
1296 1502 1335 1535 ad
1356 1501 1537 1547 predictam
1559 1505 1590 1534 ct
1610 1503 1761 1546 prestare
1782 1499 1977 1533 debentibus

116 1572 213 1608 opem
249 1566 281 1594 et
320 1572 456 1607 operam
495 1561 663 1596 efficaces.
707 1561 742 1595 In
779 1573 859 1596 casu
896 1567 1018 1603 autem„
1057 1573 1122 1607 quo
1157 1563 1242 1596 dicta
1280 1567 1390 1596 steura
1425 1573 1484 1596 seu
1519 1564 1639 1607 peticio
1678 1559 1977 1594 intervenientibus

115 1621 358 1668 impedimentis
387 1633 481 1656 suum
511 1633 576 1655 non
597 1625 772 1656 sortiretur
791 1611 957 1659 effectum„
986 1627 1018 1656 ut
1040 1627 1152 1656 nostra
1173 1627 1305 1669 sperata
1325 1626 1415 1656 tenet
1435 1622 1611 1656 credulitas
1632 1626 1664 1655 et
1685 1624 1744 1667 ipsi
1766 1620 1977 1654 marchiones

116 1682 223 1727 aliqua
259 1684 478 1727 impignorata
509 1682 702 1715 redimerint
732 1682 783 1716 vel
822 1683 904 1716 ultra
943 1687 1087 1717 steuram
1127 1684 1167 1717 de
1206 1686 1274 1717 suis
1311 1686 1453 1729 propriis
1490 1694 1550 1729 pro
1589 1693 1702 1716 eorum
1741 1681 1978 1726 redempcione

116 1745 343 1788 exposuerintq
373 1742 558 1776 huiusmodi
580 1745 719 1788 pecunia
750 1746 780 1776 in
802 1748 926 1776 sortem
951 1744 1140 1789 principalis
1170 1743 1270 1777 debiti
1300 1743 1397 1777 debet
1426 1746 1620 1789 computari.
1651 1742 1692 1776 Et
1717 1744 1870 1787 quoniam
1893 1741 1977 1774 dicta

116 1802 262 1836 marchia
293 1802 435 1836 hostium
465 1807 495 1836 et
525 1807 695 1848 potentum
724 1803 887 1836 interdum
918 1803 1065 1837 turbatur
1104 1803 1302 1847 incursibus,
1340 1804 1494 1838 volumus
1534 1809 1563 1837 et
1604 1805 1841 1845 consentimus,
1882 1806 1913 1835 ut
1952 1804 1978 1834 si

117 1863 193 1897 dicti
222 1862 433 1897 marchiones
471 1874 638 1908 expensas
668 1863 809 1897 fecerint
837 1875 896 1910 pro
926 1865 1156 1910 propulsandis
1186 1867 1311 1898 iniuriis
1340 1869 1372 1898 et
1400 1865 1574 1899 violenciis
1613 1863 1812 1909 repellendis
1851 1873 1977 1907 cosque

118 1923 159 1957 ob
188 1923 266 1957 hoc·
291 1923 517 1969 dampnificari
556 1926 745 1969 contigerit,
781 1925 922 1970 dampna
960 1924 1158 1968 huiusmodi,
1198 1936 1260 1970 que
1289 1924 1536 1959 racionabiliter
1564 1925 1794 1959 demonstrare
1823 1926 1978 1968 poterinh

119 1983 268 2017 similiter
297 1986 328 2017 in
357 1988 481 2017 sortem
513 1984 661 2030 capitalis
690 1987 831 2030 pecunie
874 1984 1016 2019 debeant
1054 1985 1255 2019 accumulari
1293 1990 1324 2019 et
1353 1989 1458 2020 eciam
1493 1988 1676 2030 aggregari
1705 1995 1779 2018 cum
1809 1983 1980 2029 principali

118 2043 228 2077 debito
257 2055 356 2089 supra
386 2043 551 2090 descripto
581 2049 611 2077 et
641 2043 832 2090 specificato
862 2048 992 2090 integre
1021 2045 1290 2090 persolvendum.
1322 2046 1447 2080 Omnes
1477 2050 1509 2079 et
1537 2046 1684 2091 singulas
1715 2045 1851 2086 litteras„
1882 2055 1981 2090 super

119 2103 368 2149 quibuscunque
410 2103 528 2137 debitis
567 2108 642 2137 ante
682 2109 812 2151 tempus
851 2105 998 2138 datarum
1038 2108 1248 2151 presencium
1286 2111 1455 2141 emanatas
1494 2111 1525 2141 et
1558 2107 1695 2152 prefatis
1733 2108 1979 2143 marchionibus

119 2167 242 2210 patruis
280 2166 401 2198 nostris
437 2164 528 2198 datas
557 2164 675 2199 nullius
705 2164 777 2199 fore
805 2166 958 2200 volumus
997 2165 1126 2200 roboris
1164 2167 1218 2202 vel
1253 2170 1420 2201 momenti.
1468 2167 1504 2201 In
1542 2171 1634 2201 cuius
1674 2172 1722 2202 rei
1756 2172 1978 2203 testimonium

119 2228 293 2269 presentes
322 2224 447 2259 litteras
476 2229 607 2259 nostras
636 2226 745 2270 sigillo
775 2231 887 2259 nostre
917 2229 1098 2260 maiestatis
1127 2227 1317 2261 authentico
1346 2231 1500 2263 iussimus
1540 2232 1746 2263 communiri.
1790 2230 1910 2264 Datum
1948 2233 1980 2263 in

121 2283 256 2330 Sempte
285 2284 368 2318 feria
388 2289 482 2320 sexta
512 2289 663 2331 proxima
693 2291 769 2319 ante
799 2286 919 2320 festum
939 2291 1054 2321 sancte
1075 2286 1253 2322 Trinitatis.
1284 2288 1384 2322 Anno
1406 2288 1528 2322 domini
1549 2289 1722 2323 millesimo
1744 2293 1979 2324 trecentesimo

123 2348 352 2389 octoagesimo
381 2350 513 2381 octavo.

431 2433 521 2466 (orig.
553 2435 631 2468 Perg.
664 2435 713 2459 init
745 2435 769 2459 li.
802 2435 956 2460 tlieilweise
988 2435 1190 2467 beschttdigteu
1223 2436 1278 2469 δὶς.
1309 2437 1336 2461 in
1369 2437 1421 2462 deu
1447 2438 1674 2463 altstssindisclien
1700 2438 1793 2463 Akteu
1819 2439 1867 2462 des
1893 2439 1981 2463 ina'lir.

537 2486 790 2511 Landesareliives.
818 2502 854 2504 —
881 2486 1067 2520 Ahgedruckt
1091 2487 1118 2512 in
1145 2488 1267 2513 Riedel's
1292 2488 1360 2513 Cod.
1389 2489 1548 2515 Braudenl).
1578 2490 1606 2515 Β.
1634 2490 1687 2516 Ill.
1715 2490 1775 2523 2⁶7.)
