2336 3074
1271 218 1343 253 152

376 331 477 372 cipes.
509 325 731 359 marchiones.
762 324 876 359 duces.
898 326 1050 361 comites.
1071 322 1216 356 barones
1247 328 1275 356 et
1307 323 1359 357 alii
1381 323 1509 357 nobiles
1529 323 1649 369 aliique
1670 323 1831 358 oll'iciales
1852 323 2031 357 consiliarii
2052 326 2238 366 civitatum,

375 388 559 432 opidorum.
590 390 787 418 castrorum.
819 389 983 417 terrarum
1013 388 1043 417 et
1074 383 1212 417 alioruin
1245 384 1392 417 locorum
1424 384 1544 430 aliique
1573 384 1646 418 laici
1676 389 1707 418 et
1728 384 1862 418 laicales
1892 395 2037 430 persone
2058 384 2237 418 dominium

375 459 432 481 seu
464 446 728 479 iiii-istliccioiwiii
767 448 797 478 in
827 444 1064 490 temporalibus
1098 443 1297 479 obtinentes.
1327 456 1391 478 non
1431 445 1651 481 attendentes,
1682 445 1767 489 qnod
1798 445 1890 478 laicis
1920 447 1950 478 in
1980 444 2122 479 clericos
2151 444 2238 478 nulla

374 512 420 540 est
452 505 615 539 attribuita
646 510 804 551 potestas.
834 505 977 538 clericos
1006 509 1036 537 et
1067 515 1229 550 personas
1258 505 1505 538 ecclesiasticas
1535 507 1722 538 temeritate
1750 507 1883 550 propria
1914 504 2052 538 bannire
2080 515 2140 539 seu
2175 516 2237 538 re-

375 568 489 604 legare
519 578 556 599 ae
586 565 800 611 proscribere
829 576 894 599 non
925 564 1141 600 verebantur.
1172 565 1256 598 idem
1288 565 1510 610 predecessor
1539 576 1656 598 omnes
1685 569 1717 598 et
1737 565 1887 609 singulos
1908 565 1984 598 talia
2004 569 2237 611 presumentes

373 632 425 661 aut
457 639 494 660 ea
526 626 595 660 lieri
627 626 821 659 mandantes
850 637 908 659 seu
939 637 1054 659 eorum
1084 628 1218 658 nomine
1248 629 1276 658 et
1309 625 1463 658 mandato
1494 626 1578 659 sacta
1600 630 1671 659 rata
1694 625 1855 659 babentes
1876 625 1929 660 vel
1950 628 1981 659 in
2008 628 2056 659 eis
2077 625 2238 660 faciendis

374 688 489 721 dantes
519 687 689 721 auxilium.
719 686 891 720 consilium
923 686 976 719 vel
1006 686 1170 720 savorem,
1201 688 1427 730 cuiuscunque
1466 689 1726 731 preeminencie,
1757 686 1937 731 ‹lig-nuans‚
1967 690 2082 725 status„
2112 686 2237 731 gradus

373 748 427 782 vel
457 748 662 781 condicionis
692 751 888 782 existerent.
919 750 944 780 si
974 747 1162 789 singulares
1192 757 1335 791 persone
1365 750 1489 782 essent.
1520 758 1633 780 earum
1656 747 1811 780 videlicet
1839 747 2000 791 singulas,
2021 751 2054 780 et
2081 750 2108 781 si
2137 757 2237 781 com-

374 811 482 842 munia
512 808 566 842 vel
596 811 830 842 universitates
868 808 988 841 forent.
1018 818 1134 840 omnes
1172 811 1200 840 et
1239 807 1389 849 singulos
1427 807 1609 841 eorundem
1649 810 1870 841 communium
1910 812 1942 842 et
1984 810 2236 842 universitatum

374 873 567 915 potestates.
598 872 802 914 capitaneos.
832 867 997 913 baylinos.
1028 867 1194 901 scabinos.
1225 867 1422 904 advocatos,
1444 871 1607 910 rectores,
1624 868 1756 911 judices
1777 872 1808 902 et
1829 868 1985 902 consules
2005 879 2044 901 ac
2065 868 2237 911 officiales,

374 940 572 974 quocunque
608 932 740 962 nomine
779 933 1009 964 censerentur.
1041 927 1249 961 consiliarios
1284 931 1316 960 et
1353 929 1501 973 privatas
1540 938 1714 973 personas,
1753 930 1806 974 qui
1846 928 2032 963 huiusmodi
2069 928 2237 973 sacrilegii

374 989 626 1035 principaliores
657 994 842 1034 patratores
872 992 1068 1023 existerent.
1099 990 1463 1021 excomnmnieaeionis
1493 991 1698 1022 sentenciam
1728 991 1902 1022 incurrere
1930 999 2062 1023 necnon
2092 987 2238 1034 quelibet

374 1050 556 1083 eorundem
595 1053 817 1083 communium
857 1054 886 1082 et
925 1051 1178 1082 universitatum
1218 1048 1292 1081 talia
1331 1051 1612 1093 presumendum,
1642 1052 1808 1091 civitates7
1838 1049 1947 1095 opida,
1978 1053 2097 1092 terras,
2127 1053 2236 1083 castra

374 1114 404 1143 et
434 1110 495 1143 alia
526 1110 597 1143 loca
628 1110 857 1143 ecclesiastico
887 1108 1061 1142 interdicto
1100 1108 1289 1151 subiacere,
1321 1109 1405 1142 idem
1445 1109 1669 1154 predecessor
1706 1110 1810 1143 voluit
1847 1112 1918 1155 ipso
1956 1109 2045 1143 facto
2080 1114 2113 1143 et
2150 1108 2237 1154 quod

374 1170 481 1203 nullus
510 1169 550 1203 ab
580 1170 704 1203 eisdem
735 1172 914 1203 sentenciis
944 1180 1004 1214 per
1032 1169 1130 1202 alium
1161 1180 1258 1214 quam
1289 1181 1349 1215 per
1379 1169 1564 1203 Romanum
1594 1169 1796 1216 pontificem,
1826 1175 2039 1216 preterquam
2060 1172 2091 1203 in
2122 1172 2237 1204 mortis

374 1230 526 1266 articulo,
556 1234 666 1275 posset
697 1229 825 1262 absolvi
856 1240 917 1262 nec
948 1229 1157 1263 interdictum
1189 1229 1375 1263 huiusmodi
1407 1240 1466 1276 per
1495 1230 1592 1263 alium
1623 1230 1782 1274 relaxari,
1803 1235 1901 1276 prout
1929 1233 1960 1264 in
1990 1233 2092 1276 ipsius
2109 1229 2237 1276 prede-

373 1293 518 1323 cessoris
548 1290 663 1323 litteris
694 1290 768 1323 inde
798 1289 960 1323 consectis
990 1289 1119 1335 plenius
1149 1293 1348 1324 continetur.
1380 1290 1592 1324 Postmodum
1622 1302 1706 1325 vero
1735 1293 1820 1325 sicut
1840 1290 1988 1324 exhibita
2017 1290 2112 1325 nobis
2132 1301 2238 1337 nuper

372 1361 432 1396 pro
462 1354 555 1395 parte
585 1350 779 1383 dilectorum
808 1349 949 1383 tiliorum
972 1377 978 1383 .
1003 1377 1009 1383 .
1041 1350 1158 1383 decani
1188 1354 1220 1384 ct
1249 1350 1380 1396 capituli
1410 1362 1449 1384 ac
1469 1351 1675 1395 singulorum
1697 1354 1935 1385 canonicorum
1966 1356 1998 1385 et
2017 1362 2236 1397 personarum

373 1410 516 1444 ecclesie
547 1410 779 1443 Oloinucensis
808 1413 930 1455 peticio
959 1410 1163 1453 continebat,
1193 1410 1312 1445 nobilis
1349 1414 1402 1445 vir
1430 1410 1578 1445 Jodocus
1607 1411 1758 1445 marchio
1785 1411 1940 1446 Moravie
1975 1423 2015 1445 ac
2052 1415 2237 1457 magister-⁶

373 1474 494 1504 civium
525 1475 554 1504 et
580 1470 686 1515 judex
725 1481 764 1504 ac
796 1471 899 1514 jurati
936 1482 1000 1504 nec
1038 1482 1102 1505 non
1142 1471 1268 1505 scabini
1304 1474 1448 1506 civitatis
1484 1471 1717 1506 Olomucensis
1754 1483 1836 1506 ausu
1872 1475 2052 1506 temerario
2089 1471 2238 1518 prefatos

372 1531 534 1565 decanum
563 1535 595 1564 et
624 1531 800 1577 capitulum
831 1542 870 1564 ac
899 1531 1049 1575 singulos
1078 1534 1260 1565 canonicos
1290 1536 1322 1566 et
1350 1543 1514 1578 personas
1542 1532 1692 1578 predicte
1718 1532 1863 1567 ecclesie
1892 1532 1933 1566 de
1953 1532 2082 1578 prefata
2103 1535 2238 1567 civitate

373 1603 411 1625 ac
441 1595 511 1625 eius
541 1595 709 1626 territorio
739 1596 771 1625 et
801 1592 949 1626 districtu
979 1603 1018 1626 ac
1047 1595 1146 1626 terris
1175 1592 1252 1626 dicti
1282 1592 1485 1629 marchionis
1505 1592 1730 1627 banniverunt
1749 1597 1781 1627 et
1800 1596 2072 1639 proscripserunt
2092 1604 2132 1627 ac
2150 1604 2239 1628 voce

371 1655 530 1698 preconia
559 1652 619 1686 sub
648 1664 733 1698 pena
763 1656 880 1698 capitis
909 1653 1166 1697 mandaverunt,
1195 1665 1237 1687 ne
1266 1653 1383 1699 aliquis
1413 1653 1576 1687 decanum
1604 1653 1660 1688 vel
1689 1654 1830 1699 aliquam
1861 1653 1957 1687 aliam
1988 1664 2167 1700 personam
2197 1653 2239 1687 de

372 1714 466 1746 dictis
495 1713 636 1758 capitulo
666 1724 725 1746 seu
755 1724 810 1747 res
840 1724 956 1746 eorum
986 1713 1148 1758 colligere
1183 1725 1243 1748 seu
1272 1719 1449 1760 receptare
1490 1719 1545 1748 aut
1582 1717 1630 1748 eis
1667 1714 1708 1748 de
1744 1714 1899 1749 censibus
1937 1719 1993 1748 aut
2029 1714 2102 1748 aliis
2137 1713 2238 1748 rebus

372 1776 451 1818 ipsis
480 1773 597 1807 debitis
627 1773 834 1819 respondere
863 1778 1099 1819 presumerent
1127 1777 1286 1820 ipsosque
1306 1786 1366 1820 pro
1395 1775 1538 1809 bannitis
1568 1780 1599 1809 et
1628 1778 1824 1821 proscriptis
1846 1775 2022 1809 habuerint
2042 1779 2074 1809 et
2094 1774 2239 1809 habeant

372 1836 403 1866 in
433 1834 615 1867 eorundem
645 1834 763 1867 decani
791 1838 824 1868 et
853 1834 985 1880 capituli
1015 1845 1055 1868 ac
1083 1835 1291 1879 singulorum
1330 1838 1569 1870 canonicorum
1600 1847 1639 1870 ac
1673 1846 1894 1882 personarum
1933 1838 2113 1869 maximum
2152 1846 2237 1881 pre-

373 1894 524 1927 iudicium
556 1898 587 1927 et
615 1894 776 1928 lesionem
807 1894 1038 1929 ecclesiastice
1066 1894 1241 1939 libertatis,
1271 1900 1408 1941 propter
1443 1908 1507 1941 que
1546 1896 1707 1939 marchio,
1737 1898 2037 1940 magistercivium,
2063 1895 2169 1939 judex
2198 1906 2238 1929 ac

368 1955 468 1997 J'urati
499 1958 528 1987 et
558 1954 683 1988 scabini
712 1954 852 2000 predicti
880 1958 1002 1999 vigore
1032 1955 1118 1989 dicte
1147 1958 1400 1991 constitucionis
1438 1959 1802 1991 excommunicacionis
1839 1959 2045 1990 sentenciam
2075 1958 2237 1989 incurisse

373 2018 402 2047 et
433 2014 579 2059 predicta
610 2017 728 2048 civitas
758 2015 945 2048 huiusmodi
975 2016 1152 2049 interdicto
1173 2016 1349 2051 subiacere
1369 2022 1563 2051 noscuntur.
1596 2017 1708 2058 Quare
1737 2028 1798 2062 pro
1827 2021 1922 2062 parte
1951 2016 2081 2059 decani7
2103 2015 2236 2061 capituli

373 2078 402 2106 et
434 2078 670 2108 canonicorum
701 2087 739 2109 ac
769 2087 989 2121 personarum
1026 2077 1252 2122 predictorum
1291 2077 1350 2111 suit
1387 2077 1482 2112 nobis
1521 2077 1687 2111 humiliter
1724 2077 1954 2123 supplicatuim
1984 2081 2018 2109 ut
2055 2076 2237 2122 providere

374 2137 421 2167 eis
451 2137 481 2167 in
511 2138 681 2179 premissis
712 2136 752 2169 de
781 2141 945 2181 oportuno
980 2136 1131 2170 remedio
1170 2137 1397 2182 dignaremur.
1454 2138 1525 2172 Nos
1560 2141 1670 2183 itaque
1708 2137 1896 2171 huiusmodi
1935 2135 2236 2182 supplicacionibus

374 2195 516 2228 inclinati
547 2196 744 2229 discrecioni
776 2201 888 2230 vestre
917 2208 978 2242 per
1007 2197 1190 2242 apostolica
1220 2201 1343 2244 scripta
1382 2199 1588 2242 mandamus,
1618 2201 1771 2244 quatinus
1800 2210 1862 2232 vos
1891 2197 1946 2232 vel
1975 2197 2039 2230 duo
2069 2201 2124 2230 aut
2153 2207 2236 2230 unus

374 2259 523 2288 vestrum
553 2267 612 2301 per
641 2267 703 2289 vos
733 2257 787 2290 vel
825 2257 923 2290 alium
962 2268 1021 2291 seu
1061 2258 1155 2301 alios,
1195 2261 1221 2292 si
1260 2263 1309 2292 est
1347 2262 1402 2299 itaq
1437 2259 1586 2305 prefatos
1620 2258 1862 2301 marchionem,
1900 2259 2236 2302 magistrumcivium‚

371 2315 527 2357 judicem.
554 2317 683 2359 juratos
713 2321 743 2349 et
774 2317 929 2351 scabinos
958 2318 1081 2351 tamdiu
1101 2318 1331 2364 appellacione
1352 2324 1478 2352 remota
1501 2321 1808 2353 excommunicatos
1829 2322 1859 2351 et
1881 2320 2050 2351 civitatem
2071 2316 2234 2362 prefatam

375 2386 413 2407 ac
443 2379 549 2408 terras
579 2376 654 2409 dicti
684 2377 886 2411 marchionis
916 2378 1091 2411 interdicto
1122 2378 1353 2413 ecclesiastico
1382 2378 1558 2413 subiacere
1587 2378 1717 2425 publice
1747 2380 1911 2411 nuncietis
1941 2381 1973 2411 et
2002 2376 2139 2410 eosdem
2165 2387 2233 2410 ex-

376 2439 635 2469 coinnnniieatos
674 2436 713 2469 ab
751 2437 902 2471 omnibus
942 2441 1073 2472 arceias
1116 2442 1234 2473 evitari
1278 2439 1419 2483 faciatis‚
1458 2440 1565 2473 donec
1601 2439 1834 2472 bannicionem
1873 2443 1905 2471 ct
1946 2440 2232 2483 proscripcionem

377 2493 559 2528 huiusmodi
591 2502 683 2541 prout
715 2498 754 2530 ad
785 2498 855 2531 illas
885 2499 925 2532 de
956 2499 1043 2532 facto
1072 2504 1324 2544 processerunt„
1346 2503 1586 2534 revocaverint
1615 2504 1647 2533 et
1666 2502 1818 2533 iniuriam
1849 2498 1972 2532 exinde
2001 2500 2108 2543 passis
2129 2499 2233 2531 satis—

377 2553 515 2588 fecerint
546 2561 773 2601 competenter
803 2563 832 2591 et
863 2558 903 2591 ab
933 2558 1120 2593 huiusmodi
1157 2562 1519 2594 excommunicacionis
1548 2563 1719 2594 sentencia
1748 2559 1973 2593 absolucionis
2012 2562 2043 2591 et
2072 2557 2236 2591 interdicti

376 2614 598 2648 relaxacionis
618 2616 778 2650 beneficia
801 2622 982 2652 meruerint
1003 2619 1164 2653 obtinere.
1197 2619 1469 2654 Contradictores
1497 2632 1558 2666 per
1584 2631 1759 2654 censuram
1789 2619 2051 2653 ecclesiasticam
2082 2616 2236 2662 appella-

376 2677 472 2707 cione
501 2679 681 2720 postposita
712 2679 968 2723 compescendo.
999 2679 1074 2713 Non
1104 2679 1310 2714 obstantibus
1339 2684 1364 2715 si
1394 2681 1532 2726 prefatis
1567 2680 1764 2723 marchioni,
1795 2681 2093 2723 magistrocivium,
2119 2677 2235 2721 judici,
