<?xml version="1.0" encoding="UTF-8"?>
<!DOCTYPE html PUBLIC "-//W3C//DTD XHTML 1.0 Transitional//EN"
    "http://www.w3.org/TR/xhtml1/DTD/xhtml1-transitional.dtd">
<html xmlns="http://www.w3.org/1999/xhtml" xml:lang="en" lang="en">
 <head>
  <title>
</title>
<meta http-equiv="Content-Type" content="text/html;charset=utf-8" />
  <meta name='ocr-system' content='tesseract 3.04.00' />
  <meta name='ocr-capabilities' content='ocr_page ocr_carea ocr_par ocr_line ocrx_word'/>
</head>
<body>
  <div class='ocr_page' id='page_1' title='image "./codexdiplomaticu11morauoft_0109.png"; bbox 0 0 2336 3074; ppageno 0'>
   <div class='ocr_carea' id='block_1_1' title="bbox 1035 211 1083 245">
    <p class='ocr_par' dir='ltr' id='par_1_1' title="bbox 1035 211 1083 245">
     <span class='ocr_line' id='line_1_1' title="bbox 1035 211 1083 245; baseline -0.021 0"><span class='ocrx_word' id='word_1_1' title='bbox 1035 211 1083 245; x_wconf 79' lang='lat'>85</span> 
     </span>
    </p>
   </div>
   <div class='ocr_carea' id='block_1_2' title="bbox 1057 263 1141 266">
    <p class='ocr_par' dir='ltr' id='par_1_2' title="bbox 1057 263 1141 266">
     <span class='ocr_line' id='line_1_2' title="bbox 1057 263 1141 266; baseline 0 0"><span class='ocrx_word' id='word_1_2' title='bbox 1057 263 1141 266; x_wconf 95' lang='lat' dir='ltr'> </span> 
     </span>
    </p>
   </div>
   <div class='ocr_carea' id='block_1_3' title="bbox 1019 342 1094 377">
    <p class='ocr_par' dir='ltr' id='par_1_3' title="bbox 1019 342 1094 377">
     <span class='ocr_line' id='line_1_3' title="bbox 1019 342 1094 377; baseline 0.013 -1"><span class='ocrx_word' id='word_1_3' title='bbox 1019 342 1094 377; x_wconf 83' lang='lat'>93.</span> 
     </span>
    </p>
   </div>
   <div class='ocr_carea' id='block_1_4' title="bbox 497 441 1612 492">
    <p class='ocr_par' dir='ltr' id='par_1_4' title="bbox 497 441 1612 492">
     <span class='ocr_line' id='line_1_4' title="bbox 497 441 1612 492; baseline 0.006 -17"><span class='ocrx_word' id='word_1_4' title='bbox 497 441 616 476; x_wconf 73' lang='lat' dir='ltr'>Statu!</span> <span class='ocrx_word' id='word_1_5' title='bbox 643 443 702 476; x_wconf 83' lang='lat' dir='ltr'>des</span> <span class='ocrx_word' id='word_1_6' title='bbox 735 443 908 477; x_wconf 71' lang='lat' dir='ltr'>Olnmtz-er</span> <span class='ocrx_word' id='word_1_7' title='bbox 938 444 1096 488; x_wconf 73' lang='lat' dir='ltr'>lsapitels</span> <span class='ocrx_word' id='word_1_8' title='bbox 1128 443 1225 478; x_wconf 91' lang='grc'><strong>1377</strong></span> <span class='ocrx_word' id='word_1_9' title='bbox 1257 447 1351 479; x_wconf 70' lang='lat' dir='ltr'>circa</span> <span class='ocrx_word' id='word_1_10' title='bbox 1382 446 1443 481; x_wconf 81' lang='lat'>30.</span> <span class='ocrx_word' id='word_1_11' title='bbox 1475 447 1612 492; x_wconf 74' lang='lat' dir='ltr'>Seplbr.</span> 
     </span>
    </p>
   </div>
   <div class='ocr_carea' id='block_1_5' title="bbox 126 517 1990 702">
    <p class='ocr_par' dir='ltr' id='par_1_5' title="bbox 126 517 1990 702">
     <span class='ocr_line' id='line_1_5' title="bbox 284 517 1990 589; baseline 0.005 -19"><span class='ocrx_word' id='word_1_12' title='bbox 284 517 402 571; x_wconf 75' lang='lat' dir='ltr'>Anno</span> <span class='ocrx_word' id='word_1_13' title='bbox 431 537 517 571; x_wconf 87' lang='lat' dir='ltr'>dom.</span> <span class='ocrx_word' id='word_1_14' title='bbox 547 536 826 572; x_wconf 79' lang='lat' dir='ltr'>MCCCLXXVII</span> <span class='ocrx_word' id='word_1_15' title='bbox 855 541 886 572; x_wconf 91' lang='lat' dir='ltr'>in</span> <span class='ocrx_word' id='word_1_16' title='bbox 916 539 1058 584; x_wconf 90' lang='lat' dir='ltr'>capitulo</span> <span class='ocrx_word' id='word_1_17' title='bbox 1087 540 1237 583; x_wconf 80' lang='lat' dir='ltr'>generali</span> <span class='ocrx_word' id='word_1_18' title='bbox 1267 544 1372 574; x_wconf 88' lang='lat' dir='ltr'>sancti</span> <span class='ocrx_word' id='word_1_19' title='bbox 1401 542 1563 576; x_wconf 65' lang='lat' dir='ltr'>,leronimi</span> <span class='ocrx_word' id='word_1_20' title='bbox 1593 544 1779 577; x_wconf 84' lang='lat' dir='ltr'>ordinatum</span> <span class='ocrx_word' id='word_1_21' title='bbox 1809 549 1870 578; x_wconf 86' lang='lat' dir='ltr'>est.</span> <span class='ocrx_word' id='word_1_22' title='bbox 1901 544 1990 589; x_wconf 90' lang='lat' dir='ltr'>quod</span> 
     </span>
     <span class='ocr_line' id='line_1_6' title="bbox 126 595 1989 649; baseline 0.005 -20"><span class='ocrx_word' id='word_1_23' title='bbox 126 595 284 642; x_wconf 80' lang='lat' dir='ltr'>deinceps</span> <span class='ocrx_word' id='word_1_24' title='bbox 313 600 511 643; x_wconf 86' lang='lat' dir='ltr'>quicumque</span> <span class='ocrx_word' id='word_1_25' title='bbox 541 597 639 631; x_wconf 88' lang='lat' dir='ltr'>fuerit</span> <span class='ocrx_word' id='word_1_26' title='bbox 667 601 851 642; x_wconf 74' lang='lat' dir='ltr'>organista.</span> <span class='ocrx_word' id='word_1_27' title='bbox 880 599 934 632; x_wconf 85' lang='lat' dir='ltr'>ille</span> <span class='ocrx_word' id='word_1_28' title='bbox 964 599 1062 633; x_wconf 87' lang='lat' dir='ltr'>debet</span> <span class='ocrx_word' id='word_1_29' title='bbox 1090 611 1212 644; x_wconf 84' lang='lat' dir='ltr'>regere</span> <span class='ocrx_word' id='word_1_30' title='bbox 1242 602 1403 646; x_wconf 84' lang='lat' dir='ltr'>capellam</span> <span class='ocrx_word' id='word_1_31' title='bbox 1433 606 1578 636; x_wconf 92' lang='lat' dir='ltr'>omnium</span> <span class='ocrx_word' id='word_1_32' title='bbox 1599 608 1802 637; x_wconf 85' lang='lat' dir='ltr'>sanctorum.</span> <span class='ocrx_word' id='word_1_33' title='bbox 1832 605 1989 649; x_wconf 81' lang='lat' dir='ltr'>quamdiu</span> 
     </span>
     <span class='ocr_line' id='line_1_7' title="bbox 126 659 449 702; baseline 0 -12"><span class='ocrx_word' id='word_1_34' title='bbox 126 659 296 702; x_wconf 82' lang='lat' dir='ltr'>organista</span> <span class='ocrx_word' id='word_1_35' title='bbox 327 660 449 691; x_wconf 75' lang='lat' dir='ltr'>existit.</span> 
     </span>
    </p>
   </div>
   <div class='ocr_carea' id='block_1_6' title="bbox 437 736 1478 773">
    <p class='ocr_par' dir='ltr' id='par_1_6' title="bbox 437 736 1478 773">
     <span class='ocr_line' id='line_1_8' title="bbox 437 736 1478 773; baseline 0.002 -12"><span class='ocrx_word' id='word_1_36' title='bbox 437 736 509 770; x_wconf 75' lang='lat' dir='ltr'>(Aus</span> <span class='ocrx_word' id='word_1_37' title='bbox 533 737 593 762; x_wconf 86' lang='lat' dir='ltr'>dem</span> <span class='ocrx_word' id='word_1_38' title='bbox 620 736 714 762; x_wconf 80' lang='lat' dir='ltr'>Codex</span> <span class='ocrx_word' id='word_1_39' title='bbox 741 737 771 762; x_wconf 82' lang='lat' dir='ltr'>E.</span> <span class='ocrx_word' id='word_1_40' title='bbox 797 738 818 762; x_wconf 92' lang='lat' dir='ltr'>I.</span> <span class='ocrx_word' id='word_1_41' title='bbox 844 738 883 763; x_wconf 73' lang='lat'>4⁴»</span> <span class='ocrx_word' id='word_1_42' title='bbox 907 747 972 771; x_wconf 70' lang='lat' dir='ltr'>pag.</span> <span class='ocrx_word' id='word_1_43' title='bbox 1001 740 1035 763; x_wconf 72' lang='lat'>14</span> <span class='ocrx_word' id='word_1_44' title='bbox 1062 739 1098 763; x_wconf 90' lang='grc'><strong>1111</strong></span> <span class='ocrx_word' id='word_1_45' title='bbox 1124 738 1196 763; x_wconf 63' lang='lat' dir='ltr'>(itm.</span> <span class='ocrx_word' id='word_1_46' title='bbox 1222 739 1478 773; x_wconf 48' lang='lat' dir='ltr'>Kapitelarehivesi</span> 
     </span>
    </p>
   </div>
   <div class='ocr_carea' id='block_1_7' title="bbox 497 895 1615 1045">
    <p class='ocr_par' dir='ltr' id='par_1_7' title="bbox 497 895 1615 1045">
     <span class='ocr_line' id='line_1_9' title="bbox 1018 895 1095 931; baseline 0 0"><span class='ocrx_word' id='word_1_47' title='bbox 1018 895 1095 931; x_wconf 82' lang='lat'>94.</span> 
     </span>
     <span class='ocr_line' id='line_1_10' title="bbox 497 997 1615 1045; baseline 0.003 -14"><span class='ocrx_word' id='word_1_48' title='bbox 497 998 616 1031; x_wconf 75' lang='lat' dir='ltr'>Statut</span> <span class='ocrx_word' id='word_1_49' title='bbox 645 999 704 1032; x_wconf 81' lang='lat' dir='ltr'>des</span> <span class='ocrx_word' id='word_1_50' title='bbox 736 997 910 1032; x_wconf 71' lang='lat' dir='ltr'>Olma’tz-er</span> <span class='ocrx_word' id='word_1_51' title='bbox 940 998 1100 1044; x_wconf 72' lang='lat' dir='ltr'>Isapz&#39;tels</span> <span class='ocrx_word' id='word_1_52' title='bbox 1131 998 1228 1032; x_wconf 86' lang='lat'><em>1377</em></span> <span class='ocrx_word' id='word_1_53' title='bbox 1260 1001 1355 1033; x_wconf 76' lang='lat' dir='ltr'>eirea</span> <span class='ocrx_word' id='word_1_54' title='bbox 1384 1000 1444 1034; x_wconf 79' lang='lat'>30.</span> <span class='ocrx_word' id='word_1_55' title='bbox 1476 1000 1615 1045; x_wconf 66' lang='lat' dir='ltr'>Seplbr:</span> 
     </span>
    </p>
   </div>
   <div class='ocr_carea' id='block_1_8' title="bbox 123 1073 1988 1499">
    <p class='ocr_par' dir='ltr' id='par_1_8' title="bbox 123 1073 1988 1441">
     <span class='ocr_line' id='line_1_11' title="bbox 282 1073 1987 1144; baseline 0.003 -18"><span class='ocrx_word' id='word_1_56' title='bbox 282 1073 399 1126; x_wconf 69' lang='lat' dir='ltr'>Anno</span> <span class='ocrx_word' id='word_1_57' title='bbox 429 1093 515 1127; x_wconf 90' lang='lat' dir='ltr'>dom.</span> <span class='ocrx_word' id='word_1_58' title='bbox 547 1093 648 1127; x_wconf 83' lang='lat'><strong>1377</strong></span> <span class='ocrx_word' id='word_1_59' title='bbox 677 1096 707 1127; x_wconf 88' lang='lat' dir='ltr'>in</span> <span class='ocrx_word' id='word_1_60' title='bbox 738 1094 888 1138; x_wconf 83' lang='lat' dir='ltr'>generali</span> <span class='ocrx_word' id='word_1_61' title='bbox 918 1094 1060 1140; x_wconf 88' lang='lat' dir='ltr'>capitulo</span> <span class='ocrx_word' id='word_1_62' title='bbox 1091 1094 1177 1139; x_wconf 89' lang='lat' dir='ltr'>quod</span> <span class='ocrx_word' id='word_1_63' title='bbox 1207 1094 1355 1128; x_wconf 87' lang='lat' dir='ltr'>inchoari</span> <span class='ocrx_word' id='word_1_64' title='bbox 1386 1098 1416 1128; x_wconf 88' lang='lat' dir='ltr'>in</span> <span class='ocrx_word' id='word_1_65' title='bbox 1446 1095 1532 1129; x_wconf 89' lang='lat' dir='ltr'>festo</span> <span class='ocrx_word' id='word_1_66' title='bbox 1562 1108 1588 1130; x_wconf 89' lang='lat' dir='ltr'>s.</span> <span class='ocrx_word' id='word_1_67' title='bbox 1619 1096 1780 1130; x_wconf 87' lang='lat' dir='ltr'>Jeronimi</span> <span class='ocrx_word' id='word_1_68' title='bbox 1811 1109 1870 1143; x_wconf 84' lang='lat' dir='ltr'>per</span> <span class='ocrx_word' id='word_1_69' title='bbox 1890 1101 1987 1144; x_wconf 89' lang='lat' dir='ltr'>capi-</span> 
     </span>
     <span class='ocr_line' id='line_1_12' title="bbox 124 1153 1986 1193; baseline 0.003 -7"><span class='ocrx_word' id='word_1_70' title='bbox 124 1153 223 1186; x_wconf 88' lang='lat' dir='ltr'>tulum</span> <span class='ocrx_word' id='word_1_71' title='bbox 254 1153 439 1186; x_wconf 89' lang='lat' dir='ltr'>ordinatum</span> <span class='ocrx_word' id='word_1_72' title='bbox 469 1157 519 1187; x_wconf 90' lang='lat' dir='ltr'>est</span> <span class='ocrx_word' id='word_1_73' title='bbox 547 1158 580 1187; x_wconf 89' lang='lat' dir='ltr'>et</span> <span class='ocrx_word' id='word_1_74' title='bbox 608 1154 766 1187; x_wconf 88' lang='lat' dir='ltr'>indultum</span> <span class='ocrx_word' id='word_1_75' title='bbox 796 1157 966 1188; x_wconf 90' lang='lat' dir='ltr'>canonicis</span> <span class='ocrx_word' id='word_1_76' title='bbox 996 1154 1192 1188; x_wconf 79' lang='lat' dir='ltr'>habentibus</span> <span class='ocrx_word' id='word_1_77' title='bbox 1223 1155 1338 1189; x_wconf 92' lang='lat' dir='ltr'>domos</span> <span class='ocrx_word' id='word_1_78' title='bbox 1367 1156 1579 1190; x_wconf 71' lang='lat' dir='ltr'>canonicales</span> <span class='ocrx_word' id='word_1_79' title='bbox 1609 1162 1809 1191; x_wconf 86' lang='lat' dir='ltr'>censuantes</span> <span class='ocrx_word' id='word_1_80' title='bbox 1830 1158 1986 1193; x_wconf 87' lang='lat' dir='ltr'>ecclesie.</span> 
     </span>
     <span class='ocr_line' id='line_1_13' title="bbox 123 1213 1988 1264; baseline 0.003 -18"><span class='ocrx_word' id='word_1_81' title='bbox 123 1213 209 1258; x_wconf 90' lang='lat' dir='ltr'>quod</span> <span class='ocrx_word' id='word_1_82' title='bbox 238 1224 255 1246; x_wconf 86' lang='lat' dir='ltr'>a</span> <span class='ocrx_word' id='word_1_83' title='bbox 285 1213 372 1247; x_wconf 86' lang='lat' dir='ltr'>dicto</span> <span class='ocrx_word' id='word_1_84' title='bbox 402 1213 486 1247; x_wconf 88' lang='lat' dir='ltr'>festo</span> <span class='ocrx_word' id='word_1_85' title='bbox 516 1213 600 1247; x_wconf 90' lang='lat' dir='ltr'>infra</span> <span class='ocrx_word' id='word_1_86' title='bbox 630 1214 712 1248; x_wconf 90' lang='lat' dir='ltr'>duos</span> <span class='ocrx_word' id='word_1_87' title='bbox 741 1225 846 1248; x_wconf 91' lang='grc'><strong>3111105</strong></span> <span class='ocrx_word' id='word_1_88' title='bbox 874 1215 1053 1248; x_wconf 87' lang='lat' dir='ltr'>inmediate</span> <span class='ocrx_word' id='word_1_89' title='bbox 1082 1220 1260 1260; x_wconf 74' lang='lat' dir='ltr'>sequentes</span> <span class='ocrx_word' id='word_1_90' title='bbox 1290 1221 1425 1261; x_wconf 89' lang='lat' dir='ltr'>possent</span> <span class='ocrx_word' id='word_1_91' title='bbox 1455 1216 1611 1250; x_wconf 74' lang='lat' dir='ltr'>libel-tare</span> <span class='ocrx_word' id='word_1_92' title='bbox 1641 1222 1673 1251; x_wconf 87' lang='lat' dir='ltr'>et</span> <span class='ocrx_word' id='word_1_93' title='bbox 1702 1218 1868 1251; x_wconf 80' lang='lat' dir='ltr'>redimere</span> <span class='ocrx_word' id='word_1_94' title='bbox 1899 1221 1988 1264; x_wconf 87' lang='lat' dir='ltr'>ipsos</span> 
     </span>
     <span class='ocr_line' id='line_1_14' title="bbox 123 1273 1985 1322; baseline 0.003 -15"><span class='ocrx_word' id='word_1_95' title='bbox 123 1273 241 1308; x_wconf 89' lang='lat' dir='ltr'>domos</span> <span class='ocrx_word' id='word_1_96' title='bbox 270 1273 310 1307; x_wconf 90' lang='lat' dir='ltr'>ab</span> <span class='ocrx_word' id='word_1_97' title='bbox 340 1273 527 1308; x_wconf 91' lang='lat' dir='ltr'>huiusmodi</span> <span class='ocrx_word' id='word_1_98' title='bbox 556 1285 659 1308; x_wconf 87' lang='lat' dir='ltr'>censu</span> <span class='ocrx_word' id='word_1_99' title='bbox 687 1274 882 1320; x_wconf 89' lang='lat' dir='ltr'>reponendo</span> <span class='ocrx_word' id='word_1_100' title='bbox 912 1279 1035 1308; x_wconf 86' lang='lat' dir='ltr'>tantum</span> <span class='ocrx_word' id='word_1_101' title='bbox 1066 1275 1106 1308; x_wconf 81' lang='lat' dir='ltr'>[le</span> <span class='ocrx_word' id='word_1_102' title='bbox 1135 1278 1284 1321; x_wconf 87' lang='lat' dir='ltr'>pecuniis</span> <span class='ocrx_word' id='word_1_103' title='bbox 1305 1279 1434 1321; x_wconf 88' lang='lat' dir='ltr'>quantis</span> <span class='ocrx_word' id='word_1_104' title='bbox 1455 1279 1525 1322; x_wconf 89' lang='lat' dir='ltr'>ipse</span> <span class='ocrx_word' id='word_1_105' title='bbox 1546 1277 1662 1311; x_wconf 90' lang='lat' dir='ltr'>domus</span> <span class='ocrx_word' id='word_1_106' title='bbox 1684 1277 1814 1311; x_wconf 88' lang='lat' dir='ltr'>fuerunt</span> <span class='ocrx_word' id='word_1_107' title='bbox 1836 1284 1985 1321; x_wconf 69' lang='lat' dir='ltr'>onerate,</span> 
     </span>
     <span class='ocr_line' id='line_1_15' title="bbox 123 1333 1988 1382; baseline 0.003 -15"><span class='ocrx_word' id='word_1_108' title='bbox 123 1333 209 1380; x_wconf 90' lang='lat' dir='ltr'>quod</span> <span class='ocrx_word' id='word_1_109' title='bbox 238 1337 360 1368; x_wconf 90' lang='lat' dir='ltr'>sinon</span> <span class='ocrx_word' id='word_1_110' title='bbox 395 1334 546 1368; x_wconf 81' lang='lat' dir='ltr'>facerent</span> <span class='ocrx_word' id='word_1_111' title='bbox 582 1339 655 1380; x_wconf 87' lang='lat' dir='ltr'>post</span> <span class='ocrx_word' id='word_1_112' title='bbox 693 1335 876 1380; x_wconf 90' lang='lat' dir='ltr'>predictum</span> <span class='ocrx_word' id='word_1_113' title='bbox 912 1340 1039 1381; x_wconf 84' lang='lat' dir='ltr'>tempus</span> <span class='ocrx_word' id='word_1_114' title='bbox 1077 1338 1156 1381; x_wconf 87' lang='lat' dir='ltr'>ipsis</span> <span class='ocrx_word' id='word_1_115' title='bbox 1195 1337 1333 1382; x_wconf 88' lang='lat' dir='ltr'>amplius</span> <span class='ocrx_word' id='word_1_116' title='bbox 1372 1337 1557 1371; x_wconf 88' lang='lat' dir='ltr'>redimendi</span> <span class='ocrx_word' id='word_1_117' title='bbox 1592 1349 1650 1371; x_wconf 90' lang='lat' dir='ltr'>eas</span> <span class='ocrx_word' id='word_1_118' title='bbox 1689 1349 1753 1371; x_wconf 90' lang='lat' dir='ltr'>non</span> <span class='ocrx_word' id='word_1_119' title='bbox 1793 1339 1988 1372; x_wconf 86' lang='lat' dir='ltr'>conceditur</span> 
     </span>
     <span class='ocr_line' id='line_1_16' title="bbox 123 1394 570 1441; baseline 0 -13"><span class='ocrx_word' id='word_1_120' title='bbox 123 1395 231 1440; x_wconf 90' lang='lat' dir='ltr'>aliqua</span> <span class='ocrx_word' id='word_1_121' title='bbox 259 1397 391 1441; x_wconf 89' lang='lat' dir='ltr'>penitus</span> <span class='ocrx_word' id='word_1_122' title='bbox 420 1394 570 1428; x_wconf 86' lang='lat' dir='ltr'>facultas.</span> 
     </span>
    </p>

    <p class='ocr_par' dir='ltr' id='par_1_9' title="bbox 434 1465 1439 1499">
     <span class='ocr_line' id='line_1_17' title="bbox 434 1465 1439 1499; baseline 0.001 -9"><span class='ocrx_word' id='word_1_123' title='bbox 434 1465 507 1499; x_wconf 83' lang='lat' dir='ltr'>(Ans</span> <span class='ocrx_word' id='word_1_124' title='bbox 532 1465 594 1491; x_wconf 86' lang='lat' dir='ltr'>dem</span> <span class='ocrx_word' id='word_1_125' title='bbox 618 1465 713 1490; x_wconf 82' lang='lat' dir='ltr'>Codex</span> <span class='ocrx_word' id='word_1_126' title='bbox 739 1465 769 1490; x_wconf 73' lang='lat' dir='ltr'>fi.</span> <span class='ocrx_word' id='word_1_127' title='bbox 795 1466 817 1492; x_wconf 89' lang='lat' dir='ltr'>I.</span> <span class='ocrx_word' id='word_1_128' title='bbox 837 1466 875 1490; x_wconf 67' lang='lat'>41»</span> <span class='ocrx_word' id='word_1_129' title='bbox 901 1475 927 1499; x_wconf 89' lang='lat' dir='ltr'>p.</span> <span class='ocrx_word' id='word_1_130' title='bbox 954 1466 1012 1492; x_wconf 69' lang='grc'><strong>1117</strong></span> <span class='ocrx_word' id='word_1_131' title='bbox 1039 1466 1074 1490; x_wconf 94' lang='grc'><strong>1111</strong></span> <span class='ocrx_word' id='word_1_132' title='bbox 1101 1465 1172 1491; x_wconf 83' lang='lat' dir='ltr'>Olm.</span> <span class='ocrx_word' id='word_1_133' title='bbox 1199 1466 1439 1499; x_wconf 51' lang='lat' dir='ltr'>Kapitelarcliivft</span> 
     </span>
    </p>
   </div>
   <div class='ocr_carea' id='block_1_9' title="bbox 1021 1623 1096 1658">
    <p class='ocr_par' dir='ltr' id='par_1_10' title="bbox 1021 1623 1096 1658">
     <span class='ocr_line' id='line_1_18' title="bbox 1021 1623 1096 1658; baseline 0 0"><span class='ocrx_word' id='word_1_134' title='bbox 1021 1623 1096 1658; x_wconf 74' lang='lat'>95.</span> 
     </span>
    </p>
   </div>
   <div class='ocr_carea' id='block_1_10' title="bbox 173 1725 1923 1822">
    <p class='ocr_par' dir='ltr' id='par_1_11' title="bbox 173 1725 1923 1822">
     <span class='ocr_line' id='line_1_19' title="bbox 173 1725 1923 1771; baseline 0.002 -11"><span class='ocrx_word' id='word_1_135' title='bbox 173 1726 337 1760; x_wconf 79' lang='lat' dir='ltr'>Andreas</span> <span class='ocrx_word' id='word_1_136' title='bbox 367 1737 429 1760; x_wconf 70' lang='lat' dir='ltr'>von</span> <span class='ocrx_word' id='word_1_137' title='bbox 460 1725 606 1759; x_wconf 60' lang='lat' dir='ltr'>Mezire‘c&#39;·</span> <span class='ocrx_word' id='word_1_138' title='bbox 635 1725 790 1768; x_wconf 66' lang='lat' dir='ltr'>bekemet,</span> <span class='ocrx_word' id='word_1_139' title='bbox 822 1737 895 1760; x_wconf 78' lang='lat' dir='ltr'>rom</span> <span class='ocrx_word' id='word_1_140' title='bbox 924 1726 1151 1771; x_wconf 70' lang='lat' dir='ltr'>Marlsyrafen</span> <span class='ocrx_word' id='word_1_141' title='bbox 1180 1726 1292 1760; x_wconf 71' lang='lat' dir='ltr'>Jodot·</span> <span class='ocrx_word' id='word_1_142' title='bbox 1321 1728 1376 1760; x_wconf 69' lang='lat' dir='ltr'>die</span> <span class='ocrx_word' id='word_1_143' title='bbox 1415 1726 1512 1761; x_wconf 75' lang='lat' dir='ltr'>Veste</span> <span class='ocrx_word' id='word_1_144' title='bbox 1539 1728 1695 1762; x_wconf 71' lang='lat' dir='ltr'>Jenstein</span> <span class='ocrx_word' id='word_1_145' title='bbox 1724 1729 1777 1762; x_wconf 80' lang='lat' dir='ltr'>als</span> <span class='ocrx_word' id='word_1_146' title='bbox 1808 1729 1923 1763; x_wconf 73' lang='lat' dir='ltr'>Leken</span> 
     </span>
     <span class='ocr_line' id='line_1_20' title="bbox 498 1785 1602 1822; baseline 0.002 -2"><span class='ocrx_word' id='word_1_147' title='bbox 498 1786 655 1820; x_wconf 78' lang='lat' dir='ltr'>erhalten</span> <span class='ocrx_word' id='word_1_148' title='bbox 684 1798 726 1819; x_wconf 68' lang='grc' dir='ltr'>Ζ-ιι</span> <span class='ocrx_word' id='word_1_149' title='bbox 755 1786 877 1821; x_wconf 74' lang='lat' dir='ltr'>haben.</span> <span class='ocrx_word' id='word_1_150' title='bbox 916 1785 974 1820; x_wconf 80' lang='lat' dir='ltr'>DI.</span> <span class='ocrx_word' id='word_1_151' title='bbox 1009 1786 1148 1820; x_wconf 74' lang='lat' dir='ltr'>Trubcm</span> <span class='ocrx_word' id='word_1_152' title='bbox 1177 1787 1236 1820; x_wconf 72' lang='lat'>⁴22.</span> <span class='ocrx_word' id='word_1_153' title='bbox 1268 1787 1462 1821; x_wconf 73' lang='lat' dir='ltr'>November</span> <span class='ocrx_word' id='word_1_154' title='bbox 1492 1787 1602 1822; x_wconf 84' lang='lat'><em>1377.</em></span> 
     </span>
    </p>
   </div>
   <div class='ocr_carea' id='block_1_11' title="bbox 116 1861 1984 2711">
    <p class='ocr_par' dir='ltr' id='par_1_12' title="bbox 116 1861 1984 2711">
     <span class='ocr_line' id='line_1_21' title="bbox 276 1861 1983 1927; baseline 0.002 -12"><span class='ocrx_word' id='word_1_155' title='bbox 276 1861 371 1926; x_wconf 78' lang='lat' dir='ltr'>Ego</span> <span class='ocrx_word' id='word_1_156' title='bbox 400 1881 557 1915; x_wconf 85' lang='lat' dir='ltr'>Andreas</span> <span class='ocrx_word' id='word_1_157' title='bbox 587 1881 628 1915; x_wconf 87' lang='grc'>(10</span> <span class='ocrx_word' id='word_1_158' title='bbox 656 1881 855 1915; x_wconf 82' lang='lat' dir='ltr'>Mezirziecz</span> <span class='ocrx_word' id='word_1_159' title='bbox 884 1892 1096 1926; x_wconf 83' lang='lat' dir='ltr'>recognosco</span> <span class='ocrx_word' id='word_1_160' title='bbox 1127 1886 1243 1915; x_wconf 89' lang='lat' dir='ltr'>tenore</span> <span class='ocrx_word' id='word_1_161' title='bbox 1272 1886 1484 1927; x_wconf 77' lang='lat' dir='ltr'>presenctum</span> <span class='ocrx_word' id='word_1_162' title='bbox 1513 1886 1691 1917; x_wconf 84' lang='lat' dir='ltr'>universis.</span> <span class='ocrx_word' id='word_1_163' title='bbox 1723 1883 1819 1925; x_wconf 88' lang='lat' dir='ltr'>Quod</span> <span class='ocrx_word' id='word_1_164' title='bbox 1848 1884 1983 1918; x_wconf 88' lang='lat' dir='ltr'>illustris</span> 
     </span>
     <span class='ocr_line' id='line_1_22' title="bbox 120 1941 1984 1990; baseline 0.002 -15"><span class='ocrx_word' id='word_1_165' title='bbox 120 1945 218 1987; x_wconf 89' lang='lat' dir='ltr'>atque</span> <span class='ocrx_word' id='word_1_166' title='bbox 247 1941 444 1987; x_wconf 83' lang='lat' dir='ltr'>magnificus</span> <span class='ocrx_word' id='word_1_167' title='bbox 472 1945 628 1987; x_wconf 89' lang='lat' dir='ltr'>princeps</span> <span class='ocrx_word' id='word_1_168' title='bbox 664 1942 816 1975; x_wconf 87' lang='lat' dir='ltr'>dominus</span> <span class='ocrx_word' id='word_1_169' title='bbox 844 1941 1004 1985; x_wconf 71' lang='lat' dir='ltr'>Jodocns,</span> <span class='ocrx_word' id='word_1_170' title='bbox 1034 1941 1182 1975; x_wconf 88' lang='lat' dir='ltr'>marchio</span> <span class='ocrx_word' id='word_1_171' title='bbox 1221 1946 1253 1975; x_wconf 89' lang='lat' dir='ltr'>et</span> <span class='ocrx_word' id='word_1_172' title='bbox 1288 1942 1440 1976; x_wconf 89' lang='lat' dir='ltr'>dominus</span> <span class='ocrx_word' id='word_1_173' title='bbox 1475 1943 1641 1987; x_wconf 73' lang='lat' dir='ltr'>Moravie,</span> <span class='ocrx_word' id='word_1_174' title='bbox 1671 1949 1809 1990; x_wconf 89' lang='lat' dir='ltr'>propter</span> <span class='ocrx_word' id='word_1_175' title='bbox 1839 1947 1984 1978; x_wconf 81' lang='lat' dir='ltr'>servicia</span> 
     </span>
     <span class='ocr_line' id='line_1_23' title="bbox 120 2001 1984 2048; baseline 0.002 -13"><span class='ocrx_word' id='word_1_176' title='bbox 120 2013 194 2035; x_wconf 92' lang='lat' dir='ltr'>mea</span> <span class='ocrx_word' id='word_1_177' title='bbox 223 2001 284 2036; x_wconf 88' lang='lat' dir='ltr'>sibi</span> <span class='ocrx_word' id='word_1_178' title='bbox 314 2002 460 2036; x_wconf 80' lang='lat' dir='ltr'>exhibita</span> <span class='ocrx_word' id='word_1_179' title='bbox 490 2007 522 2035; x_wconf 82' lang='lat' dir='ltr'>et</span> <span class='ocrx_word' id='word_1_180' title='bbox 551 2005 582 2035; x_wconf 92' lang='lat' dir='ltr'>in</span> <span class='ocrx_word' id='word_1_181' title='bbox 612 2002 756 2035; x_wconf 84' lang='lat' dir='ltr'>futurum</span> <span class='ocrx_word' id='word_1_182' title='bbox 786 2001 975 2035; x_wconf 78' lang='lat' dir='ltr'>exhibenda</span> <span class='ocrx_word' id='word_1_183' title='bbox 1007 2001 1105 2035; x_wconf 91' lang='lat' dir='ltr'>michi</span> <span class='ocrx_word' id='word_1_184' title='bbox 1134 2006 1164 2035; x_wconf 87' lang='lat' dir='ltr'>et</span> <span class='ocrx_word' id='word_1_185' title='bbox 1185 2001 1364 2036; x_wconf 86' lang='lat' dir='ltr'>heredibus</span> <span class='ocrx_word' id='word_1_186' title='bbox 1394 2006 1476 2037; x_wconf 91' lang='lat' dir='ltr'>meis</span> <span class='ocrx_word' id='word_1_187' title='bbox 1497 2003 1666 2048; x_wconf 62' lang='lat' dir='ltr'>legitimis,</span> <span class='ocrx_word' id='word_1_188' title='bbox 1689 2004 1859 2037; x_wconf 83' lang='lat' dir='ltr'>masculini</span> <span class='ocrx_word' id='word_1_189' title='bbox 1881 2016 1984 2038; x_wconf 78' lang='lat' dir='ltr'>sexus</span> 
     </span>
     <span class='ocr_line' id='line_1_24' title="bbox 120 2061 1982 2109; baseline 0.002 -14"><span class='ocrx_word' id='word_1_190' title='bbox 120 2062 302 2105; x_wconf 62' lang='lat' dir='ltr'>dumtaxat„</span> <span class='ocrx_word' id='word_1_191' title='bbox 332 2065 554 2096; x_wconf 87' lang='lat' dir='ltr'>municionem</span> <span class='ocrx_word' id='word_1_192' title='bbox 586 2065 658 2096; x_wconf 81' lang='lat' dir='ltr'>sive</span> <span class='ocrx_word' id='word_1_193' title='bbox 688 2062 884 2096; x_wconf 86' lang='lat' dir='ltr'>fortalicium</span> <span class='ocrx_word' id='word_1_194' title='bbox 915 2061 1065 2096; x_wconf 86' lang='lat' dir='ltr'>Jenstein</span> <span class='ocrx_word' id='word_1_195' title='bbox 1099 2073 1173 2096; x_wconf 89' lang='lat' dir='ltr'>cum</span> <span class='ocrx_word' id='word_1_196' title='bbox 1203 2063 1342 2107; x_wconf 84' lang='lat' dir='ltr'>singulis</span> <span class='ocrx_word' id='word_1_197' title='bbox 1381 2066 1449 2097; x_wconf 89' lang='lat' dir='ltr'>suis</span> <span class='ocrx_word' id='word_1_198' title='bbox 1478 2067 1705 2109; x_wconf 50' lang='lat' dir='ltr'>pertinenciis</span> <span class='ocrx_word' id='word_1_199' title='bbox 1735 2064 1834 2098; x_wconf 74' lang='lat' dir='ltr'>velud</span> <span class='ocrx_word' id='word_1_200' title='bbox 1865 2065 1982 2098; x_wconf 89' lang='lat' dir='ltr'>eadem</span> 
     </span>
     <span class='ocr_line' id='line_1_25' title="bbox 120 2121 1983 2168; baseline 0.002 -13"><span class='ocrx_word' id='word_1_201' title='bbox 120 2121 206 2156; x_wconf 90' lang='lat' dir='ltr'>bona</span> <span class='ocrx_word' id='word_1_202' title='bbox 238 2121 379 2156; x_wconf 89' lang='lat' dir='ltr'>Sezema</span> <span class='ocrx_word' id='word_1_203' title='bbox 410 2122 450 2156; x_wconf 88' lang='lat' dir='ltr'>de</span> <span class='ocrx_word' id='word_1_204' title='bbox 480 2121 624 2156; x_wconf 89' lang='lat' dir='ltr'>Castello</span> <span class='ocrx_word' id='word_1_205' title='bbox 654 2123 730 2156; x_wconf 91' lang='lat' dir='ltr'>olim</span> <span class='ocrx_word' id='word_1_206' title='bbox 761 2122 917 2156; x_wconf 89' lang='lat' dir='ltr'>habuisse</span> <span class='ocrx_word' id='word_1_207' title='bbox 947 2127 978 2155; x_wconf 88' lang='lat' dir='ltr'>et</span> <span class='ocrx_word' id='word_1_208' title='bbox 1007 2122 1199 2168; x_wconf 85' lang='lat' dir='ltr'>possedisse</span> <span class='ocrx_word' id='word_1_209' title='bbox 1238 2126 1465 2167; x_wconf 56' lang='lat' dir='ltr'>cognoscitur„</span> <span class='ocrx_word' id='word_1_210' title='bbox 1496 2124 1536 2157; x_wconf 92' lang='lat' dir='ltr'>de</span> <span class='ocrx_word' id='word_1_211' title='bbox 1566 2128 1657 2157; x_wconf 85' lang='lat' dir='ltr'>certa</span> <span class='ocrx_word' id='word_1_212' title='bbox 1687 2136 1746 2158; x_wconf 92' lang='lat' dir='ltr'>sua</span> <span class='ocrx_word' id='word_1_213' title='bbox 1776 2128 1921 2158; x_wconf 89' lang='lat' dir='ltr'>sciencia</span> <span class='ocrx_word' id='word_1_214' title='bbox 1950 2128 1983 2158; x_wconf 92' lang='lat' dir='ltr'>in</span> 
     </span>
     <span class='ocr_line' id='line_1_26' title="bbox 119 2182 1983 2229; baseline 0.001 -13"><span class='ocrx_word' id='word_1_215' title='bbox 119 2193 238 2216; x_wconf 88' lang='lat' dir='ltr'>verum</span> <span class='ocrx_word' id='word_1_216' title='bbox 267 2182 401 2216; x_wconf 87' lang='lat' dir='ltr'>feudum</span> <span class='ocrx_word' id='word_1_217' title='bbox 431 2183 530 2225; x_wconf 76' lang='lat' dir='ltr'>dedit,</span> <span class='ocrx_word' id='word_1_218' title='bbox 561 2183 697 2216; x_wconf 74' lang='lat' dir='ltr'>donavit</span> <span class='ocrx_word' id='word_1_219' title='bbox 725 2188 754 2216; x_wconf 89' lang='lat' dir='ltr'>et</span> <span class='ocrx_word' id='word_1_220' title='bbox 786 2182 933 2225; x_wconf 61' lang='lat' dir='ltr'>contulit,</span> <span class='ocrx_word' id='word_1_221' title='bbox 961 2188 1059 2228; x_wconf 86' lang='lat' dir='ltr'>prout</span> <span class='ocrx_word' id='word_1_222' title='bbox 1097 2183 1193 2216; x_wconf 87' lang='lat' dir='ltr'>litere</span> <span class='ocrx_word' id='word_1_223' title='bbox 1222 2183 1297 2216; x_wconf 91' lang='lat' dir='ltr'>date</span> <span class='ocrx_word' id='word_1_224' title='bbox 1326 2183 1471 2229; x_wconf 86' lang='lat' dir='ltr'>desuper</span> <span class='ocrx_word' id='word_1_225' title='bbox 1500 2184 1670 2218; x_wconf 87' lang='lat' dir='ltr'>declarant</span> <span class='ocrx_word' id='word_1_226' title='bbox 1706 2188 1738 2218; x_wconf 90' lang='lat' dir='ltr'>in</span> <span class='ocrx_word' id='word_1_227' title='bbox 1773 2188 1983 2218; x_wconf 85' lang='lat' dir='ltr'>continencia</span> 
     </span>
     <span class='ocr_line' id='line_1_27' title="bbox 119 2242 1983 2291; baseline 0.002 -16"><span class='ocrx_word' id='word_1_228' title='bbox 119 2242 280 2277; x_wconf 90' lang='lat' dir='ltr'>clariores</span> <span class='ocrx_word' id='word_1_229' title='bbox 317 2243 372 2276; x_wconf 89' lang='lat' dir='ltr'>tali</span> <span class='ocrx_word' id='word_1_230' title='bbox 407 2243 604 2276; x_wconf 88' lang='lat' dir='ltr'>condicione</span> <span class='ocrx_word' id='word_1_231' title='bbox 639 2243 789 2276; x_wconf 85' lang='lat' dir='ltr'>adiecta:</span> <span class='ocrx_word' id='word_1_232' title='bbox 829 2242 913 2288; x_wconf 91' lang='lat' dir='ltr'>quod</span> <span class='ocrx_word' id='word_1_233' title='bbox 953 2253 1017 2287; x_wconf 88' lang='lat' dir='ltr'>ego</span> <span class='ocrx_word' id='word_1_234' title='bbox 1056 2246 1236 2277; x_wconf 88' lang='lat' dir='ltr'>occasione</span> <span class='ocrx_word' id='word_1_235' title='bbox 1275 2243 1469 2277; x_wconf 86' lang='lat' dir='ltr'>donacionis</span> <span class='ocrx_word' id='word_1_236' title='bbox 1505 2245 1695 2290; x_wconf 85' lang='lat' dir='ltr'>supradicte</span> <span class='ocrx_word' id='word_1_237' title='bbox 1733 2257 1792 2291; x_wconf 91' lang='lat' dir='ltr'>pro</span> <span class='ocrx_word' id='word_1_238' title='bbox 1832 2246 1983 2280; x_wconf 89' lang='lat' dir='ltr'>ducentis</span> 
     </span>
     <span class='ocr_line' id='line_1_28' title="bbox 118 2303 1982 2349; baseline 0.002 -13"><span class='ocrx_word' id='word_1_239' title='bbox 118 2305 240 2336; x_wconf 85' lang='lat' dir='ltr'>marcis</span> <span class='ocrx_word' id='word_1_240' title='bbox 268 2313 465 2347; x_wconf 89' lang='lat' dir='ltr'>grossorum</span> <span class='ocrx_word' id='word_1_241' title='bbox 495 2303 707 2336; x_wconf 90' lang='lat' dir='ltr'>denariorum</span> <span class='ocrx_word' id='word_1_242' title='bbox 737 2306 951 2349; x_wconf 69' lang='lat' dir='ltr'>pragensium</span> <span class='ocrx_word' id='word_1_243' title='bbox 983 2305 1147 2336; x_wconf 86' lang='lat' dir='ltr'>moravici</span> <span class='ocrx_word' id='word_1_244' title='bbox 1167 2308 1358 2348; x_wconf 83' lang='lat' dir='ltr'>pagameuti</span> <span class='ocrx_word' id='word_1_245' title='bbox 1379 2306 1411 2336; x_wconf 88' lang='lat' dir='ltr'>in</span> <span class='ocrx_word' id='word_1_246' title='bbox 1432 2304 1612 2349; x_wconf 85' lang='lat' dir='ltr'>supradicti</span> <span class='ocrx_word' id='word_1_247' title='bbox 1633 2305 1756 2338; x_wconf 89' lang='lat' dir='ltr'>domini</span> <span class='ocrx_word' id='word_1_248' title='bbox 1777 2306 1982 2340; x_wconf 86' lang='lat' dir='ltr'>marchionis</span> 
     </span>
     <span class='ocr_line' id='line_1_29' title="bbox 117 2362 1982 2410; baseline 0.002 -14"><span class='ocrx_word' id='word_1_249' title='bbox 117 2363 262 2396; x_wconf 91' lang='lat' dir='ltr'>dominio</span> <span class='ocrx_word' id='word_1_250' title='bbox 291 2367 383 2396; x_wconf 88' lang='lat' dir='ltr'>certa</span> <span class='ocrx_word' id='word_1_251' title='bbox 412 2362 499 2397; x_wconf 90' lang='lat' dir='ltr'>bona</span> <span class='ocrx_word' id='word_1_252' title='bbox 529 2375 643 2397; x_wconf 88' lang='lat' dir='ltr'>emere</span> <span class='ocrx_word' id='word_1_253' title='bbox 673 2368 703 2397; x_wconf 87' lang='lat' dir='ltr'>et</span> <span class='ocrx_word' id='word_1_254' title='bbox 733 2375 932 2409; x_wconf 88' lang='lat' dir='ltr'>comparare</span> <span class='ocrx_word' id='word_1_255' title='bbox 962 2363 1102 2397; x_wconf 84' lang='lat' dir='ltr'>debeam</span> <span class='ocrx_word' id='word_1_256' title='bbox 1132 2367 1163 2396; x_wconf 89' lang='lat' dir='ltr'>et</span> <span class='ocrx_word' id='word_1_257' title='bbox 1192 2368 1383 2408; x_wconf 90' lang='lat' dir='ltr'>comparata</span> <span class='ocrx_word' id='word_1_258' title='bbox 1414 2366 1484 2409; x_wconf 88' lang='lat' dir='ltr'>ipsa</span> <span class='ocrx_word' id='word_1_259' title='bbox 1514 2375 1531 2396; x_wconf 90' lang='lat' dir='ltr'>a</span> <span class='ocrx_word' id='word_1_260' title='bbox 1561 2364 1691 2410; x_wconf 86' lang='lat' dir='ltr'>prefato</span> <span class='ocrx_word' id='word_1_261' title='bbox 1722 2365 1856 2399; x_wconf 90' lang='lat' dir='ltr'>domino</span> <span class='ocrx_word' id='word_1_262' title='bbox 1886 2377 1982 2399; x_wconf 88' lang='lat' dir='ltr'>mar-</span> 
     </span>
     <span class='ocr_line' id='line_1_30' title="bbox 116 2422 1982 2470; baseline 0.002 -14"><span class='ocrx_word' id='word_1_263' title='bbox 116 2422 248 2465; x_wconf 77' lang='lat' dir='ltr'>chione,</span> <span class='ocrx_word' id='word_1_264' title='bbox 278 2422 460 2457; x_wconf 89' lang='lat' dir='ltr'>heredibus</span> <span class='ocrx_word' id='word_1_265' title='bbox 489 2428 521 2457; x_wconf 85' lang='lat' dir='ltr'>et</span> <span class='ocrx_word' id='word_1_266' title='bbox 550 2424 803 2458; x_wconf 88' lang='lat' dir='ltr'>successoribus</span> <span class='ocrx_word' id='word_1_267' title='bbox 833 2427 911 2467; x_wconf 63' lang='lat' dir='ltr'>suis,</span> <span class='ocrx_word' id='word_1_268' title='bbox 942 2422 1190 2457; x_wconf 87' lang='lat' dir='ltr'>marchionibus</span> <span class='ocrx_word' id='word_1_269' title='bbox 1219 2427 1251 2456; x_wconf 89' lang='lat' dir='ltr'>et</span> <span class='ocrx_word' id='word_1_270' title='bbox 1280 2423 1420 2457; x_wconf 89' lang='lat' dir='ltr'>dominis</span> <span class='ocrx_word' id='word_1_271' title='bbox 1440 2424 1594 2458; x_wconf 80' lang='lat' dir='ltr'>Moravie</span> <span class='ocrx_word' id='word_1_272' title='bbox 1623 2436 1697 2458; x_wconf 87' lang='lat' dir='ltr'>cum</span> <span class='ocrx_word' id='word_1_273' title='bbox 1728 2425 1865 2470; x_wconf 89' lang='lat' dir='ltr'>prefatis</span> <span class='ocrx_word' id='word_1_274' title='bbox 1886 2425 1982 2460; x_wconf 90' lang='lat' dir='ltr'>bonis</span> 
     </span>
     <span class='ocr_line' id='line_1_31' title="bbox 118 2482 1984 2531; baseline 0.002 -15"><span class='ocrx_word' id='word_1_275' title='bbox 118 2482 269 2516; x_wconf 89' lang='lat' dir='ltr'>Jenstein</span> <span class='ocrx_word' id='word_1_276' title='bbox 297 2486 329 2517; x_wconf 92' lang='lat' dir='ltr'>in</span> <span class='ocrx_word' id='word_1_277' title='bbox 358 2483 492 2517; x_wconf 88' lang='lat' dir='ltr'>feudum</span> <span class='ocrx_word' id='word_1_278' title='bbox 521 2489 718 2530; x_wconf 85' lang='lat' dir='ltr'>perpetuum</span> <span class='ocrx_word' id='word_1_279' title='bbox 748 2487 922 2530; x_wconf 86' lang='lat' dir='ltr'>suscipere</span> <span class='ocrx_word' id='word_1_280' title='bbox 951 2489 984 2518; x_wconf 93' lang='lat' dir='ltr'>et</span> <span class='ocrx_word' id='word_1_281' title='bbox 1012 2495 1052 2517; x_wconf 90' lang='lat' dir='ltr'>ea</span> <span class='ocrx_word' id='word_1_282' title='bbox 1080 2483 1256 2527; x_wconf 85' lang='lat' dir='ltr'>vasallagii</span> <span class='ocrx_word' id='word_1_283' title='bbox 1286 2483 1440 2517; x_wconf 89' lang='lat' dir='ltr'>subicere</span> <span class='ocrx_word' id='word_1_284' title='bbox 1469 2483 1632 2528; x_wconf 76' lang='lat' dir='ltr'>dignitati,</span> <span class='ocrx_word' id='word_1_285' title='bbox 1662 2484 1779 2530; x_wconf 89' lang='lat' dir='ltr'>quibus</span> <span class='ocrx_word' id='word_1_286' title='bbox 1809 2485 1905 2519; x_wconf 88' lang='lat' dir='ltr'>factis</span> <span class='ocrx_word' id='word_1_287' title='bbox 1921 2497 1984 2531; x_wconf 92' lang='lat' dir='ltr'>per</span> 
     </span>
     <span class='ocr_line' id='line_1_32' title="bbox 118 2542 1983 2591; baseline 0.002 -15"><span class='ocrx_word' id='word_1_288' title='bbox 118 2542 284 2588; x_wconf 86' lang='lat' dir='ltr'>prefatum</span> <span class='ocrx_word' id='word_1_289' title='bbox 313 2543 481 2577; x_wconf 90' lang='lat' dir='ltr'>dominum</span> <span class='ocrx_word' id='word_1_290' title='bbox 516 2543 757 2588; x_wconf 66' lang='lat' dir='ltr'>niarcliioneim</span> <span class='ocrx_word' id='word_1_291' title='bbox 787 2549 820 2578; x_wconf 90' lang='lat' dir='ltr'>ut</span> <span class='ocrx_word' id='word_1_292' title='bbox 857 2544 1037 2591; x_wconf 81' lang='lat' dir='ltr'>prefertur.</span> <span class='ocrx_word' id='word_1_293' title='bbox 1068 2543 1153 2576; x_wconf 86' lang='lat' dir='ltr'>facta</span> <span class='ocrx_word' id='word_1_294' title='bbox 1193 2547 1290 2588; x_wconf 84' lang='lat' dir='ltr'>atque</span> <span class='ocrx_word' id='word_1_295' title='bbox 1328 2546 1465 2589; x_wconf 68' lang='lat' dir='ltr'>provisa</span> <span class='ocrx_word' id='word_1_296' title='bbox 1501 2547 1615 2589; x_wconf 83' lang='lat' dir='ltr'>gracia</span> <span class='ocrx_word' id='word_1_297' title='bbox 1654 2548 1721 2579; x_wconf 85' lang='lat' dir='ltr'>vim</span> <span class='ocrx_word' id='word_1_298' title='bbox 1757 2550 1790 2579; x_wconf 89' lang='lat' dir='ltr'>et</span> <span class='ocrx_word' id='word_1_299' title='bbox 1826 2549 1983 2590; x_wconf 85' lang='lat' dir='ltr'>vigorem</span> 
     </span>
     <span class='ocr_line' id='line_1_33' title="bbox 119 2602 1982 2650; baseline 0.002 -14"><span class='ocrx_word' id='word_1_300' title='bbox 119 2602 245 2636; x_wconf 86' lang='lat' dir='ltr'>babere</span> <span class='ocrx_word' id='word_1_301' title='bbox 275 2603 396 2637; x_wconf 84' lang='lat' dir='ltr'>debeat</span> <span class='ocrx_word' id='word_1_302' title='bbox 423 2604 606 2638; x_wconf 81' lang='lat' dir='ltr'>efficacem.</span> <span class='ocrx_word' id='word_1_303' title='bbox 655 2605 730 2650; x_wconf 88' lang='lat' dir='ltr'>Ego</span> <span class='ocrx_word' id='word_1_304' title='bbox 759 2608 877 2648; x_wconf 68' lang='lat' dir='ltr'>eciam,</span> <span class='ocrx_word' id='word_1_305' title='bbox 908 2605 1051 2638; x_wconf 82' lang='lat' dir='ltr'>heredes</span> <span class='ocrx_word' id='word_1_306' title='bbox 1089 2608 1120 2637; x_wconf 89' lang='lat' dir='ltr'>et</span> <span class='ocrx_word' id='word_1_307' title='bbox 1150 2614 1367 2637; x_wconf 85' lang='lat' dir='ltr'>successores</span> <span class='ocrx_word' id='word_1_308' title='bbox 1397 2607 1461 2637; x_wconf 88' lang='lat' dir='ltr'>mei</span> <span class='ocrx_word' id='word_1_309' title='bbox 1489 2604 1610 2650; x_wconf 89' lang='lat' dir='ltr'>prefati</span> <span class='ocrx_word' id='word_1_310' title='bbox 1638 2604 1679 2638; x_wconf 89' lang='lat' dir='ltr'>de</span> <span class='ocrx_word' id='word_1_311' title='bbox 1707 2605 1803 2639; x_wconf 88' lang='lat' dir='ltr'>bonis</span> <span class='ocrx_word' id='word_1_312' title='bbox 1831 2605 1982 2640; x_wconf 90' lang='lat' dir='ltr'>Jenstein</span> 
     </span>
     <span class='ocr_line' id='line_1_34' title="bbox 120 2663 1982 2711; baseline 0.002 -14"><span class='ocrx_word' id='word_1_313' title='bbox 120 2667 153 2696; x_wconf 83' lang='lat' dir='ltr'>et</span> <span class='ocrx_word' id='word_1_314' title='bbox 181 2663 222 2697; x_wconf 89' lang='lat' dir='ltr'>de</span> <span class='ocrx_word' id='word_1_315' title='bbox 250 2663 346 2698; x_wconf 90' lang='lat' dir='ltr'>bonis</span> <span class='ocrx_word' id='word_1_316' title='bbox 374 2664 482 2698; x_wconf 89' lang='lat' dir='ltr'>adhuc</span> <span class='ocrx_word' id='word_1_317' title='bbox 511 2666 756 2711; x_wconf 63' lang='lat' dir='ltr'>comparandis„</span> <span class='ocrx_word' id='word_1_318' title='bbox 786 2670 819 2699; x_wconf 83' lang='lat' dir='ltr'>ut</span> <span class='ocrx_word' id='word_1_319' title='bbox 848 2669 1058 2711; x_wconf 69' lang='lat' dir='ltr'>premittitur,</span> <span class='ocrx_word' id='word_1_320' title='bbox 1088 2665 1163 2698; x_wconf 88' lang='lat' dir='ltr'>talia</span> <span class='ocrx_word' id='word_1_321' title='bbox 1193 2664 1383 2709; x_wconf 90' lang='lat' dir='ltr'>supradicto</span> <span class='ocrx_word' id='word_1_322' title='bbox 1413 2664 1546 2698; x_wconf 89' lang='lat' dir='ltr'>domino</span> <span class='ocrx_word' id='word_1_323' title='bbox 1576 2665 1773 2708; x_wconf 67' lang='lat' dir='ltr'>marchioni,</span> <span class='ocrx_word' id='word_1_324' title='bbox 1802 2666 1982 2700; x_wconf 88' lang='lat' dir='ltr'>heredibus</span> 
     </span>
    </p>
   </div>
  </div>
 </body>
</html>
