2336 3074
953 281 956 282 γ
999 229 1071 262 177

99 336 266 365 rectorem
296 331 498 377 parochialis
528 331 672 365 ecclesie
702 335 846 366 omnium
886 338 1077 366 sanctorum
1116 336 1146 366 in
1181 332 1328 367 Mobilna
1365 333 1451 366 dicte
1491 333 1634 367 diocesis
1673 343 1748 366 esse
1788 344 1905 366 verum
1936 337 1966 365 et

98 393 280 437 legitimum
310 395 371 425 rite
401 395 434 425 et
463 392 710 426 racionabiliter
738 393 916 426 tenendum
947 398 976 427 el
1008 394 1195 427 habendum
1216 404 1256 426 ac
1277 396 1382 426 eciam
1404 393 1638 438 possidendum
1669 398 1765 439 prout
1795 396 1967 427 concernit

99 456 131 485 et
159 452 255 486 decet
283 453 468 498 legitimum
500 457 531 486 et
560 464 678 487 verum
708 457 890 499 pastorem,
920 454 1019 488 alium
1048 466 1133 488 vero
1163 454 1331 487 dominum
1360 453 1535 487 Nicolaum
1572 453 1612 487 de
1642 453 1851 487 Nicolowicz
1880 465 1966 499 pro-

98 515 342 547 nunciaverunt-
383 517 415 548 et
457 513 727 548 declaraverunt.
764 517 790 547 si
833 517 865 547 in
907 519 1064 559 quantum
1099 514 1159 548 sub
1197 517 1312 559 gracia
1352 517 1383 546 et
1418 516 1612 559 provisione
1651 514 1690 547 ad
1733 514 1965 550 collacionem.

98 576 388 618 presentat-ionem
418 579 451 608 et
478 576 706 620 provisionem
736 574 961 620 predictarum
999 575 1233 620 religiosarum
1272 575 1480 608 dominarum
1519 573 1686 608 abbatisse
1716 578 1748 607 et
1777 579 1964 608 conventus

97 638 212 667 sancte
240 633 347 667 Marie
375 634 533 680 predictis
563 639 741 680 appareret
779 635 832 669 vel
869 640 1025 669 constare
1060 639 1176 682 possit5
1214 635 1300 681 quod
1339 635 1446 680 aliqua
1486 634 1628 668 ecclesia
1668 645 1727 668 seu
1765 634 1963 669 beneficium

97 694 229 739 aliquod
258 699 397 729 vacaret.
426 706 469 728 ex
499 695 616 728 ordine
645 700 677 729 et.
706 698 829 729 virtute
866 699 969 742 ipsius
1008 698 1255 742 acceptacionis
1291 695 1474 740 generalis,
1505 695 1592 739 quod
1623 696 1678 738 jus
1716 698 1963 740 acceptacionis

98 754 246 789 eiusdem
275 754 429 789 beneficii
464 758 505 790 sit
538 758 671 801 penitus
700 757 828 790 salvum
859 761 891 790 et
919 757 1046 791 illesum
1076 756 1165 790 nullo
1194 756 1432 802 impedimento
1471 766 1532 801 per
1570 755 1712 800 aliquem
1752 755 1904 789 obstante
1934 760 1967 789 et

97 818 332 849 contrariante.
389 816 441 849 De
483 827 546 861 qua
585 816 717 861 quidem
755 820 1051 862 pronunciacione.
1091 817 1326 850 declaracione
1378 818 1425 849 sic
1478 815 1565 848 facta
1617 815 1756 860 predicti
1808 815 1966 849 Nicolaus

97 879 210 909 rector
256 876 458 922 parochialis
506 877 651 911 ecclesie
698 880 844 911 omnium
891 882 1082 911 sanctorum
1129 880 1161 910 in
1203 876 1351 910 Mobilna
1395 879 1427 909 et
1478 874 1635 909 Nicolaus
1688 875 1728 909 de
1776 875 1962 909 Niclowicz

96 938 270 981 pecierunt
299 936 359 970 sibi
396 936 466 970 fieri
505 948 566 982 per
607 948 660 970 me
697 940 861 971 notarium
899 937 1123 983 subscriptum
1152 949 1253 971 unum
1291 937 1347 971 vel
1384 937 1477 983 plura
1522 935 1687 981 publicum
1731 947 1791 970 seu
1834 936 1963 981 publica

96 998 349 1030 instrumentum
378 1008 438 1030 seu
477 1000 705 1031 instrumenta.
762 998 849 1031 Acta
888 1002 963 1031 sunt
1000 997 1064 1031 hec
1101 1009 1201 1033 ann0.
1240 999 1439 1041 indiccione,
1476 998 1540 1031 die.
1578 1008 1705 1032 mense.
1744 997 1839 1040 hora,
1877 997 1963 1030 loco.

96 1055 305 1101 pontificatus
348 1057 464 1102 quibus
507 1069 619 1103 supra,
656 1058 867 1103 presentibus
911 1058 1161 1092 honorabilibus
1200 1062 1282 1093 viris
1321 1063 1351 1091 et
1390 1058 1531 1091 dominis
1560 1057 1714 1091 Johanne
1752 1057 1962 1090 decretorum

97 1116 235 1150 doctore
264 1117 406 1162 plebano
435 1121 467 1151 in
496 1118 681 1164 Jempnicz.
713 1121 874 1163 magistro
903 1119 1084 1153 Pertholdo
1123 1122 1154 1152 in
1193 1118 1397 1156 Cunoschin,
1436 1118 1535 1152 Petro
1575 1120 1606 1151 in
1636 1116 1770 1150 Jaktars
1800 1117 1962 1163 plebanis,

95 1176 256 1211 Henslino
286 1177 326 1211 de
356 1177 615 1214 Tuschnowiez.
646 1178 829 1224 Stephano,
860 1178 1000 1212 Nicolao
1037 1180 1123 1213 dicto
1153 1179 1281 1225 Krnye.
1320 1178 1548 1212 &Venczeslao
1586 1178 1706 1211 cliente
1735 1177 1811 1210 dicti
1841 1177 1963 1210 domini

95 1240 255 1283 prepositi
284 1242 316 1271 et
344 1238 416 1272 aliis
444 1237 592 1284 pluribus
629 1238 806 1283 fidedignis
843 1250 918 1272 cum
957 1240 1178 1285 infrascriptis
1213 1239 1323 1273 scriba
1359 1244 1390 1272 et
1425 1241 1556 1272 notario
1595 1237 1726 1284 publico
1756 1237 1895 1271 testibus
1923 1238 1964 1270 ad

96 1300 258 1343 premissa
288 1301 418 1332 vocatis
447 1301 573 1344 pariter
601 1303 633 1332 et
661 1302 800 1344 rogatis.

251 1357 292 1392 Et.
321 1370 387 1403 ego
416 1358 527 1393 Adam
556 1364 653 1394 natus
682 1359 769 1393 Petri
800 1360 840 1393 de
869 1360 1022 1394 Trebecz
1052 1361 1194 1395 clericus
1217 1361 1325 1395 Olom.
1348 1360 1433 1393 dioc.
1465 1359 1616 1406 publicus
1640 1386 1645 1392 .
1669 1386 1675 1391 .
1700 1386 1706 1392 .
1728 1361 1877 1392 notarius
1898 1363 1961 1392 etc.

252 1418 293 1452 Et
322 1431 387 1464 ego
416 1419 588 1454 Johannes
617 1420 783 1466 quondam
814 1420 1005 1455 Raczkonis
1035 1422 1075 1455 de
1096 1421 1285 1455 Thesschin
1305 1421 1447 1454 clericus
1477 1419 1674 1454 Wratislav.
1707 1419 1792 1453 dioc.
1814 1418 1963 1465 publicus

96 1484 159 1513 etc.
187 1483 336 1514 notarius
366 1484 430 1514 etc.
461 1485 494 1514 et
522 1480 632 1515 scriba
662 1486 725 1514 etc.

407 1558 498 1592 (Orig.
524 1560 605 1592 Perg.
630 1559 686 1593 Sig.
711 1559 816 1593 fehlen,
842 1561 878 1584 im
904 1561 1034 1585 Briiuuer
1058 1560 1280 1593 Stadtzirchive.)

985 1704 1089 1740 197.

98 1805 284 1839 Beschluss
321 1807 380 1840 des
409 1806 636 1851 Markgsrafen
666 1807 779 1841 Jodoh·
809 1808 876 1841 med
911 1808 972 1841 der
1010 1808 1226 1842 malere’sclzen
1256 1807 1405 1851 Her-ren,
1436 1808 1518 1840 dass
1555 1807 1632 1840 lcein
1667 1806 1856 1840 Untertkau
1897 1818 1961 1839 (ms

252 1868 379 1900 seinem
418 1865 617 1901 Wohusz‘tze
646 1867 734 1901 ohne
763 1867 1006 1913 Entlassbrief
1023 1869 1219 1913 fortzi'eken
1249 1869 1358 1913 dilrfe.
1409 1867 1467 1900 Dt.
1499 1867 1558 1901 26.
1589 1867 1663 1900 Jula·
1692 1866 1802 1901 1380.

253 1943 372 1996 Anno
402 1963 525 1997 domini
554 1963 730 1997 millesimo
766 1967 1002 1997 trecentesimo
1038 1964 1164 1998 LXXX
1203 1967 1234 1997 in
1273 1967 1419 1998 crastino
1454 1966 1559 1997 sancti
1597 1962 1715 1996 Jacobi
1754 1965 1892 1996 maioris
1930 1965 1961 1995 in

97 2028 206 2057 cast-ro
237 2023 395 2069 Spilberg
423 2027 658 2058 serenissimus
686 2027 843 2070 princeps
872 2028 905 2058 et
933 2024 1085 2058 (lominus
1115 2025 1267 2059 dominus
1296 2023 1444 2057 Jodocus
1466 2023 1615 2057 marchio
1645 2027 1677 2056 et
1697 2023 1849 2056 dominus
1871 2027 1960 2055 terre

95 2083 261 2127 Moravie,
290 2083 408 2117 nobilis
438 2084 590 2118 dominus
619 2083 800 2117 Benessius
839 2084 879 2117 de
908 2083 1128 2129 WVartmberg
1158 2084 1306 2118 eiusdem
1337 2088 1426 2117 terre
1454 2083 1609 2117 Moravie
1647 2085 1853 2128 capitaneus,
1884 2085 1960 2115 item

97 2144 248 2178 dominus
277 2144 448 2178 Johannes
479 2144 519 2178 de
549 2144 738 2189 Steruberg
766 2155 942 2190 supremus
971 2148 1177 2178 camerarius
1206 2144 1426 2185 Brunnensis,
1448 2144 1599 2177 (lominus
1620 2142 1735 2176 Woko
1757 2143 1797 2176 de
1819 2142 1962 2175 Crawar

97 2215 272 2250 supremus
301 2207 507 2238 camerarius
537 2205 783 2248 Olomuceusia
807 2204 1002 2249 magnificus
1032 2204 1184 2239 dominus
1204 2205 1376 2238 Johannes
1406 2215 1520 2238 comes
1541 2204 1581 2237 de
1601 2203 1738 2236 Hardek
1757 2202 1960 2247 burgravius

96 2263 412 2309 Magdeburgensis‚
442 2265 594 2299 dominus
623 2265 788 2299 Henricus
818 2265 858 2298 dc
878 2264 993 2310 Lippa.
1015 2265 1167 2299 dominus
1187 2264 1319 2298 Ulricus
1340 2265 1380 2297 de
1401 2263 1606 2303 Bozkoviczq
1629 2263 1780 2296 dominus
1801 2261 1958 2295 Crussina

97 2325 137 2358 de
165 2324 272 2358 Novis
301 2328 431 2367 castris,
461 2325 613 2359 dominus
643 2324 786 2358 Ptaczko
817 2325 857 2358 (le
886 2324 1107 2367 Pirkcustein,
1138 2325 1290 2358 dominus
1310 2324 1491 2358 Benessius
1521 2323 1561 2357 de
1583 2323 1763 2356 Crumnaw
1793 2322 1899 2355 dictus
1920 2322 1960 2354 (le

97 2386 249 2419 Crawar.
271 2386 423 2419 domiuus
452 2385 612 2420 Albertus
642 2386 682 2419 de
704 2385 882 2419 Swietlow
903 2386 1007 2418 [lictus
1036 2385 1076 2418 de
1097 2385 1296 2429 Sternberg„
1318 2385 1469 2417 dominus
1490 2383 1714 2417 Weuceslaus
1735 2386 1766 2416 iu
1788 2381 1961 2415 Straznicz

97 2446 202 2479 dictus
240 2446 280 2479 (le
319 2445 471 2489 Crawar‚
509 2446 661 2480 dominus
705 2445 822 2480 Petrus
868 2446 908 2479 de
947 2445 1145 2489 Steriilierg‚
1185 2445 1337 2478 domiuus
1382 2443 1518 2478 Sdenko
1558 2446 1589 2476 iu
1636 2442 1765 2476 Lukow
1803 2443 1884 2476 alias
1922 2442 1962 2475 de

97 2505 296 2550 Sternberg.
327 2506 478 2540 dominus
506 2506 678 2540 Ladislaus
708 2509 739 2540 in
768 2506 978 2540 Helfenstein
1007 2506 1113 2540 dictus
1141 2508 1172 2539 in
1203 2504 1355 2539 Crawar.
1387 2505 1537 2538 (lominus
1575 2503 1691 2537 Petrus
1729 2506 1761 2536 in
1790 2503 1963 2536 Plumnaw

97 2566 203 2599 dictus
231 2566 272 2599 de
301 2565 454 2605 Crawar„
484 2566 637 2600 dominus
665 2566 867 2600 XVillielmus
897 2569 926 2599 in
952 2566 1058 2611 Zlyna
1095 2566 1201 2599 dictus
1240 2565 1280 2598 de
1310 2564 1509 2609 Sternberg,
1540 2564 1692 2597 dominus
1729 2563 1894 2597 Henricus
1924 2562 1964 2595 de

98 2625 309 2668 Novadomo,
339 2626 490 2660 dominus
520 2626 638 2672 Smylo
668 2629 698 2660 in
728 2626 880 2660 Zabrzha
910 2626 1015 2659 dictus
1036 2626 1077 2659 de
1098 2625 1297 2670 Sternberg.
1324 2625 1476 2659 dominus
1499 2624 1696 2658 Hensslinus
1719 2623 1760 2657 de
1787 2623 1961 2657 Wetovia.

98 2686 249 2719 dominus
290 2685 476 2720 Cztiborius
514 2686 555 2719 de
593 2685 786 2731 Czimburg‚
831 2687 982 2720 dominus
1019 2686 1190 2720 Johannes
1227 2686 1267 2719 de
1300 2685 1511 2720 Mezirziecz.
1542 2685 1694 2718 (lominus
1727 2683 1895 2728 Georgius
1921 2682 1961 2715 de

1774 2751 1806 2775 23
