2336 3074
1002 207 1075 240 353

981 311 1088 346 394.

107 416 226 450 Maria
257 417 323 449 med
339 415 531 450 Elisabeth.
554 415 771 457 Ii'onifst'tmeu
804 427 865 448 1·οη
892 414 1044 458 fussam.
1075 414 1249 457 ermen-eu,
1279 415 1360 448 dass
1388 416 1439 447 sie
1468 414 1530 447 den
1552 413 1777 457 Marlfqrafen
1799 411 1965 455 Sassqmund

109 488 173 509 ron
202 475 457 519 Bramlenbmy
485 476 599 509 weder
628 477 686 507 mil
715 476 775 508 der
805 475 1033 517 nnqarischen
1064 475 1184 509 Isi-one
1212 475 1337 508 kronen
1368 475 1495 511 lassen.
1526 474 1610 507 nocte
1641 473 1715 507 ihre
1736 473 1966 516 Zustimmaemq

108 549 149 571 zu
178 539 292 570 seruer-
322 536 489 579 Krommy
515 535 625 579 (seben
665 536 812 569 werden.
851 536 938 568 ohne
967 536 1022 569 dle
1060 535 1324 568 (tetsslre'iclsliclee
1352 534 1595 577 Einwillfiqmiy
1628 534 1667 568 li'.
1708 533 1865 567 ll'enzels
1900 544 1965 566 ron

687 595 853 629 Bo'ltmen.
887 596 942 629 Dt.
977 595 1079 629 Raab
1110 596 1142 629 2.
1174 596 1250 629 Mae?
1280 594 1389 628 1386.

266 665 354 718 Nos
382 683 488 718 Maria
522 687 553 716 et
581 682 752 716 Elisabeth
793 683 843 716 dei
883 686 996 723 gracia
1027 673 1175 727 Ungarie
1213 682 1384 716 Dahnacic
1420 682 1561 715 Groacic
1599 686 1662 715 etc.
1699 684 1816 726 regine
1850 685 1963 714 notum

109 745 247 779 facimus
277 747 442 778 universis
471 748 646 788 presentes
674 743 802 777 litteras
833 746 1042 789 inspecturis.
1075 743 1168 784 Quod
1199 745 1416 777 serenissimo
1446 745 1583 787 principi
1607 742 1738 775 domino
1761 742 1964 775 Wenceslao

108 805 335 839 Romanorum
365 807 438 848 regi
467 815 600 849 semper
629 808 770 848 augusto
806 808 837 836 et
867 803 1004 836 Bocmie
1042 806 1127 848 regi,
1170 803 1263 836 fratri
1301 807 1414 836 nostro
1453 805 1638 838 carissima
1686 805 1896 848 promisimus
1935 806 1967 834 et

109 871 225 899 tenore
254 868 464 911 presencium
494 867 526 898 in
554 867 677 898 virtute
708 867 835 909 prestiti
861 866 1041 908 juramenti
1071 864 1156 897 bona
1186 863 1250 897 fide
1279 868 1311 897 et
1348 863 1473 908 ahsqiu¹
1511 865 1599 896 0111111
1638 863 1712 895 doio
1750 862 1964 907 spondemus.

109 926 196 972 quod
241 926 401 959 illustrem
447 927 630 971 principem
677 924 845 958 dominum
889 924 1150 969 sigismundum,
1199 923 1425 957 marchionem
1472 922 1831 967 Brandenburgensem
1879 925 1965 956 sacri

109 990 238 1033 imperii
281 986 610 1028 archicamerarium,
655 989 803 1019 nostrum
848 985 976 1030 prefate
1026 984 1132 1018 Marie
1174 989 1377 1018 consortem.
1420 994 1545 1017 corona
1582 986 1676 1027 regui
1716 983 1863 1027 t'ngarie
1900 993 1964 1016 non

108 1047 354 1089 coronabimus,
384 1057 446 1080 nec
474 1048 629 1079 coronari
659 1045 905 1090 quomodolibet
936 1048 1190 1079 consenciemus
1219 1044 1345 1089 absque
1373 1047 1468 1078 scitu.
1497 1044 1706 1089 beneplacito
1740 1048 1769 1076 et
1800 1054 1962 1088 expressa

111 1107 280 1141 voluntate
308 1106 428 1152 prefati
455 1106 567 1140 fratris
595 1109 700 1139 nostri
729 1105 957 1139 Romanorum
996 1110 1027 1138 et
1065 1104 1202 1138 Boemie
1240 1108 1331 1150 regis
1369 1107 1554 1138 memorati.
1602 1104 1721 1137 Datum
1759 1106 1790 1137 in
1828 1103 1964 1136 Jaurino

111 1169 162 1202 die
191 1168 336 1202 secunda
368 1170 492 1202 mensis
520 1167 609 1210 Maii,
640 1178 727 1200 anno
757 1167 880 1200 domini
911 1168 1084 1200 millesimo
1114 1169 1349 1200 trecentesimo
1380 1169 1609 1210 octuagesimo
1639 1169 1746 1198 sexto.

417 1246 508 1281 (Orig.
532 1247 613 1280 Pei-g.
640 1246 666 1271 ἱ).
692 1246 719 1270 h.
744 1245 810 1279 sig..
835 1255 935 1271 wovon
961 1246 1011 1271 das
1035 1249 1109 1271 erste
1133 1245 1264 1279 verletzt,
1296 1245 1333 1270 im
1358 1245 1385 1270 k.
1411 1244 1438 1271 k.
1463 1244 1528 1278 geli.
1554 1244 1655 1272 IIaus-,
1681 1243 1748 1268 Ilof-
1773 1243 1829 1267 und
1855 1242 1966 1268 8101115-

524 1298 648 1326 archivo,
674 1298 701 1322 in
727 1297 873 1323 Abschrift
899 1297 1070 1329 initgetheilt
1094 1306 1149 1322 von
1173 1297 1200 1322 J.
1225 1297 1317 1322 Rifter
1341 1305 1396 1322 von
1421 1296 1557 1330 Fiedler.)

987 1442 1095 1478 2395.

112 1548 255 1581 Erlmrd
281 1559 345 1581 frou
377 1548 528 1581 szstat
558 1547 716 1592 rerkanft
745 1548 805 1580 der
835 1546 965 1580 Kirelee
994 1548 1026 1579 ῐη
1064 1545 1215 1590 I'y'sehos·
1250 1546 1349 1579 einen
1376 1544 1574 1588 jalarlicleete
1606 1544 1688 1577 Ze'ns
1721 1554 1784 1577 1·οη
1814 1542 1837 1575 3
1867 1542 1970 1575 Mai-lc

654 1609 688 1640 in
717 1607 846 1640 Setzitz.
879 1606 937 1640 Dt.
976 1606 1126 1650 wsebor-⁴
1154 1605 1190 1639 8.
1221 1605 1297 1638 Mae·
1325 1604 1435 1638 1386.

266 1683 354 1737 Ros
374 1703 546 1737 Erhardus
566 1703 606 1737 de
627 1702 765 1737 Cunstat
785 1703 890 1736 dictus
913 1702 953 1736 de
973 1702 1105 1735 Luczan
1126 1706 1244 1735 tenore
1263 1703 1474 1746 presencium
1495 1702 1769 1744 recog-noscimus
1790 1701 1969 1733 universiS.

111 1764 196 1809 quod
227 1768 353 1797 matura
384 1763 630 1797 deliberacione
659 1775 699 1797 ac
727 1763 850 1797 salubri
881 1763 1019 1796 consilio
1058 1765 1239 1796 amicorum
1274 1767 1465 1795 nostrorum
1502 1760 1684 1807 prehabitis
1722 1761 1867 1793 discreto
1896 1762 1970 1792 viro

111 1825 243 1859 domino
272 1824 415 1858 Johanni
444 1823 586 1870 plebano
615 1824 758 1858 ecclesie
788 1827 934 1857 omnium
974 1828 1164 1857 sanctorum
1202 1826 1233 1856 in
1263 1822 1477 1868 XVyssehorz
1514 1833 1576 1855 nec
1613 1832 1679 1854 non
1717 1819 1970 1854 successoribus

111 1889 178 1919 suis
207 1888 374 1919 universis
403 1889 435 1918 et
463 1896 523 1930 pro
553 1884 702 1930 predicta
737 1885 879 1918 ecclesia
919 1887 1063 1917 omnium
1102 1888 1293 1917 sanctorum
1331 1887 1429 1927 atque
1467 1882 1505 1915 ad
1545 1893 1661 1915 manus
1699 1880 1813 1914 fideles
1851 1880 1969 1914 nobilis

111 1946 232 1980 domini
264 1945 434 1992 Smylonis
472 1945 512 1978 de
543 1944 681 1978 Cunstat
716 1945 792 1978 dicti
832 1945 871 1978 de.
906 1944 1076 1990 Lessnycz
1115 1948 1147 1976 et
1185 1944 1319 1977 discreti
1348 1946 1411 1976 viri
1449 1943 1570 1976 domini
1600 1942 1783 1984 Veliconis‚
1821 1941 1970 1974 altariste

111 2010 260 2052 pretacte
298 2006 441 2040 ecclesie
478 2008 510 2038 in
538 2004 765 2050 VVyssehorz,
814 2009 881 2038 tres
919 2015 1050 2038 marcas
1085 2015 1281 2048 grossorum
1320 2006 1534 2049 pragensium
1574 2005 1734 2036 moravici
1770 2004 1899 2035 numeri
1938 2006 1970 2034 et

110 2070 313 2113 pagamenti.
343 2067 499 2100 videlicet
527 2065 676 2099 LXIIII⁰r
703 2076 843 2110 grossos
872 2076 933 2111 pro
956 2076 1067 2098 marca
1089 2063 1233 2109 qualibet
1253 2063 1475 2109 conputandO,
1505 2066 1603 2096 annui
1624 2073 1744 2096 census
1765 2067 1797 2095 et
1816 2064 1967 2107 perpetui

62 2169 68 2174 ⁴
111 2131 142 2162 in
168 2127 354 2162 hereditate
383 2133 496 2162 nostra
527 2132 557 2161 et
581 2127 768 2161 hominibus
799 2129 920 2161 nostris
949 2128 1049 2159 certis
1079 2129 1110 2158 et
1138 2124 1224 2158 bene
1252 2127 1430 2170 possessis.v
1464 2124 1621 2157 videlicet
1649 2126 1680 2156 in
1710 2125 1826 2156 maiori
1848 2121 1968 2155 Senicz

113 2199 186 2221 cum
224 2189 321 2234 pleno
351 2188 494 2222 dominio
525 2200 563 2222 ac
592 2191 758 2221 universis
796 2190 863 2220 suis
903 2188 1128 2232 pertinenciis.
1172 2184 1362 2218 utilitatibus
1400 2189 1432 2218 et
1469 2187 1704 2217 communitate
1741 2183 1831 2217 ville.
1870 2181 1969 2215 nichil

112 2248 208 2282 nobis
237 2253 269 2282 et
296 2249 475 2283 heredibus
505 2252 628 2283 nostris
656 2248 777 2282 ibidem
803 2250 902 2291 juris.
941 2248 1153 2292 proprietatis
1190 2256 1249 2279 seu
1279 2245 1414 2279 dominii
1443 2245 1562 2279 ibidem
1592 2248 1623 2278 in
1650 2249 1819 2290 posterum
1850 2254 1969 2276 reser-

113 2314 242 2347 vantes.
272 2310 378 2354 regali
406 2309 509 2343 berna
539 2310 698 2342 duntaxat
727 2313 880 2354 excepta.
911 2318 1007 2352 quam
1037 2317 1098 2339 nos
1117 2305 1288 2339 Erhardus
1308 2305 1489 2351 predictus.
1511 2305 1653 2339 heredes
1673 2315 1732 2337 seu
1753 2313 1969 2337 successores

112 2373 228 2412 nostri,
267 2369 342 2403 dum
377 2369 507 2416 publice
542 2373 573 2403 in
612 2374 699 2402 terra
736 2369 938 2414 proclamata
975 2366 1086 2402 fuerit.
1125 2366 1166 2399 de
1194 2366 1351 2412 predictis
1382 2365 1567 2399 hominibus
1597 2368 1749 2410 recipere
1778 2367 1849 2397 sine
1879 2365 1967 2396 omni

112 2430 348 2476 impedimento
376 2430 558 2464 secundum
587 2430 719 2464 modum
755 2433 787 2462 et
823 2427 1095 2462 consuetudinem
1132 2427 1270 2460 aliorum
1310 2426 1486 2459 confinium
1525 2437 1583 2459 seu
1622 2428 1807 2458 vicinorum
1847 2423 1968 2457 ibidem

113 2494 144 2524 in
177 2491 298 2524 Senicz
335 2493 489 2536 recipere
527 2490 687 2524 debemus
719 2494 750 2523 et
779 2492 876 2522 etiam
906 2488 1042 2521 ulterius
1072 2487 1244 2533 expedire⁷
1282 2498 1342 2532 pro
1371 2486 1471 2520 XXX
1501 2489 1621 2519 marcis
1658 2495 1853 2522 grossorum
1883 2495 1968 2529 pre-

114 2551 275 2584 dictorum
321 2555 434 2596 parata
476 2553 509 2584 in
545 2553 684 2596 pecunia
724 2550 904 2583 solutorum
943 2550 1032 2592 juste
1067 2548 1275 2581 vendicionis
1317 2548 1408 2580 titulo
1444 2547 1652 2580 vendidimus
1690 2557 1728 2578 ac
1768 2545 1968 2578 hereditarie

114 2611 412 2644 condescendimus
440 2616 601 2656 perpetue
631 2614 853 2654 resignantes.
894 2609 963 2642 Tali
994 2614 1103 2642 tamen
1134 2608 1331 2641 condicione
1360 2607 1560 2641 subinclusa.
1600 2606 1754 2639 videlicet
1792 2605 1877 2650 quod
1907 2616 1968 2638 nos

114 2671 261 2716 prefatus
299 2670 482 2705 Erhardus.
526 2671 669 2704 heredes
707 2682 766 2703 seu
805 2680 1022 2703 successores
1058 2671 1161 2702 nostri
1198 2672 1382 2714 pretactum
1421 2678 1556 2701 censum
1592 2671 1687 2701 trium
1725 2677 1911 2700 marcarum
1951 2676 1968 2696 a

1765 2734 1798 2758 45
