2336 3074
981 193 1053 227 413

88 296 290 331 conthoralis
335 309 409 331 mee
451 298 597 342 legitime
640 304 835 344 maturoque
872 302 1054 333 amicorum
1093 303 1293 334 nostrorum.
1341 309 1481 343 quorum
1518 301 1656 331 interest
1693 297 1747 331 vel
1782 299 1946 330 interesse

89 360 221 402 poterit„
243 358 381 392 consilio
398 359 606 392 vendidimus
623 359 868 393 racionabiliter
887 362 958 393 iure
975 362 1109 405 proprio
1131 364 1161 392 et
1182 359 1221 392 ad
1243 359 1372 392 salvum
1393 362 1442 392 ius
1463 363 1552 392 terre
1568 357 1720 391 Moravie
1736 355 1946 403 presentibus

91 418 259 452 tradentes
280 418 445 463 religiosis
475 423 507 452 et
527 419 589 453 deo
610 419 740 453 devotis
761 419 945 464 virginibus
966 419 1053 453 Jutte
1074 419 1239 453 abbatisse
1270 424 1299 452 et
1329 421 1509 453 conventui
1540 420 1732 451 monasterii
1754 420 1784 450 in
1807 416 1947 450 Pustmir

90 479 214 512 ordinis
244 481 348 513 sancti
378 479 562 513 Benedicti.
593 479 825 513 olomucensis
855 480 1010 523 diocesis,
1046 480 1156 513 villam
1187 484 1334 513 nostram
1371 483 1400 512 in
1432 478 1551 512 Ribnik
1590 489 1662 511 cum
1702 478 1817 515 laneis„
1856 479 1946 521 agris

91 539 185 573 cultis
207 544 237 573 et
258 540 399 576 incultis.
420 543 534 586 pratis.
556 543 699 585 pascuis.
721 543 825 584 aquis.
847 552 1006 585 aquarum
1027 539 1234 582 decursibusqf
1256 543 1402 585 piscinis.
1419 538 1676 585 piscacmnibus.
1694 536 1946 571 venacionibus.

92 602 252 645 aucupiis.
282 600 432 635 collibus.
462 600 614 639 vallibusq
645 603 718 634 viis.
751 603 878 634 viarum
909 600 1047 644 actibus.
1077 603 1203 634 semitis
1225 605 1256 633 et
1275 600 1480 644 generaliter
1501 603 1530 633 in
1552 602 1664 645 specie
1685 610 1758 632 cum
1779 600 1947 631 universis

94 664 125 693 et
154 661 292 704 singulis
328 664 396 694 suis
432 661 567 696 iuribus.
607 660 731 697 usibus.
770 661 1028 706 proprietatibus
1058 665 1089 694 et
1127 664 1352 707 pertinenciis.
1391 659 1590 693 hominibus.
1628 659 1759 695 iudicia
1799 657 1948 691 emendis

95 720 246 754 civilibus
276 725 306 754 ct
336 720 560 754 criminalibus
590 721 754 766 plenoque
783 721 927 755 dominio
957 724 988 754 in
1017 722 1133 755 eadem
1165 721 1243 755 villa
1272 726 1303 754 et
1332 723 1469 766 campis.
1506 720 1622 765 quibus
1652 723 1754 765 ipsam
1785 721 1948 752 tenuimus

96 786 127 815 et
154 782 364 827 possedimus
394 794 499 828 usque
529 783 626 816 modo
655 782 754 816 nichil
784 786 912 828 penitus
946 782 1100 816 ammodo
1134 781 1230 815 nobis
1265 786 1295 814 et
1331 783 1452 814 nostris
1487 779 1666 813 heredibus
1705 780 1878 813 insolidum
1916 781 1947 811 in

94 842 210 875 eadem
240 843 316 876 villa
347 845 426 876 iuris
456 847 488 876 et.
512 845 722 888 proprietatis
753 847 968 876 reservantes
997 854 1111 888 per..
1142 842 1354 877 abbatissam.
1385 852 1447 885 que
1477 852 1562 874 nunc
1593 845 1641 874 est
1670 845 1725 873 aut
1753 850 1949 885 quecunque

95 902 191 936 fuerit
221 907 372 948 tempore
402 903 576 948 profuturo
606 908 636 936 et
666 907 868 936 conventum
896 903 1063 949 predictas
1094 902 1268 936 tenendam
1300 901 1485 935 habendam
1521 900 1754 936 utifrueudam.
1792 904 1950 945 perpetue

96 962 298 996 hereditarie
327 968 357 996 et
387 963 525 1009 pacifice
554 963 801 1008 possidendam„
841 968 871 996 et
902 975 975 997 cum
1004 963 1144 997 voluerit
1177 966 1207 995 in
1237 962 1333 995 aliam
1363 962 1419 995 vel
1447 961 1527 994 alias
1562 971 1723 1006 personas
1753 960 1852 993 modo
1882 962 1952 992 eius

94 1022 304 1069 beneplacito
334 1023 427 1057 dictis
457 1029 487 1057 et
516 1027 682 1069 inscriptis
704 1024 827 1059 iuribus
849 1023 1127 1058 transferendam.
1156 1034 1216 1068 pro
1238 1022 1387 1056 ducentis
1409 1026 1440 1055 et
1461 1024 1593 1065 triginta
1617 1023 1736 1054 marcis
1756 1030 1951 1064 grossorum

96 1086 309 1129 pragensium
340 1084 552 1117 denariorum
584 1087 745 1118 moi-avici
774 1088 903 1118 numeri
933 1090 962 1118 et
992 1086 1182 1130 pagamenti
1217 1082 1312 1116 nobis
1350 1085 1413 1116 iam
1443 1086 1517 1115 actu
1557 1084 1586 1114 in
1623 1084 1786 1125 integrum
1827 1080 1953 1113 traditis

96 1146 279 1177 numeratis
309 1148 339 1177 et
374 1144 499 1177 solutis.
547 1143 617 1178 Nos
655 1147 754 1189 igitur
792 1144 923 1178 Ulrieus
961 1145 1066 1178 dictus
1102 1144 1211 1178 Heeht
1247 1144 1288 1177 de
1326 1143 1466 1177 Rossicz
1506 1142 1696 1188 principalis
1734 1141 1954 1187 supradictus.

98 1204 215 1237 Petrus
245 1204 350 1238 dietus
379 1204 485 1238 Heclit
523 1216 704 1249 germanus
734 1205 837 1238 frater
875 1205 915 1239 de
944 1204 1096 1247 Rossicz‚
1134 1204 1235 1238 Snata
1273 1204 1314 1237 de
1342 1203 1494 1237 Rossicz.
1524 1202 1642 1236 Vocko
1678 1202 1719 1235 de
1747 1201 1954 1235 Holenstain.

99 1264 217 1298 Paulus
246 1264 286 1298 de
315 1258 525 1310 ,stutenburg
556 1264 746 1311 Stephanus
775 1265 815 1298 de
844 1265 1038 1299 Holenstain
1069 1265 1149 1299 alias
1179 1265 1218 1298 de
1240 1264 1390 1298 Vartnav
1420 1268 1451 1297 et
1470 1262 1659 1297 Mikschiko
1690 1262 1794 1295 dictus
1814 1261 1955 1295 Morava

98 1325 138 1358 de
169 1325 361 1359 Otislawicz
390 1325 470 1358 alias
500 1325 540 1359 de
560 1325 748 1371 Birnyczka
779 1325 994 1359 fideiussores
1023 1328 1242 1371 promittimus
1271 1324 1444 1358 insolidum
1475 1335 1573 1356 manu
1594 1325 1770 1356 coniuncta
1800 1322 1840 1355 de
1869 1321 1954 1355 bona

99 1390 211 1419 nostra
242 1384 305 1419 fide
334 1388 406 1419 sine
435 1385 510 1419 dolo
540 1385 683 1431 quolibet
715 1387 800 1420 malo
830 1397 889 1431 per
918 1398 977 1420 nos
1007 1391 1039 1419 et
1066 1386 1210 1419 heredes
1240 1390 1372 1419 nostros
1401 1395 1461 1430 pro
1492 1384 1646 1425 indiviso„
1686 1385 1878 1416 memoratis
1909 1409 1915 1415 .
1949 1409 1954 1415 .

99 1445 265 1480 abbatisse
295 1450 328 1479 et
356 1449 426 1479 eius
453 1449 632 1479 conventui
653 1449 757 1480 eciam
779 1458 838 1492 per
858 1450 1033 1481 triennium
1054 1452 1128 1493 post
1148 1451 1288 1480 mortem
1310 1446 1431 1479 domini
1454 1444 1554 1478 Ulrici
1576 1444 1754 1489 supradicti
1774 1443 1957 1489 predictam

99 1506 211 1540 villam
241 1505 422 1551 exbrigare
451 1506 634 1540 defendere
664 1512 694 1540 et
724 1507 880 1540 libertare
909 1511 941 1541 in
970 1519 1006 1541 se
1036 1512 1067 1541 et
1096 1506 1293 1552 quibuslibet
1327 1508 1394 1539 suis
1432 1504 1579 1550 partibus
1616 1503 1656 1537 ab
1692 1502 1956 1549 impeticionibus

99 1566 207 1600 litibus
237 1571 269 1599 et
302 1566 528 1611 questionibus
558 1567 731 1601 cuiuslibet
760 1567 901 1601 hominis
931 1572 961 1601 et
991 1570 1216 1602 universitatis
1255 1567 1331 1600 hinc
1360 1566 1399 1599 ad
1429 1571 1558 1610 tempus
1587 1568 1658 1598 iure
1687 1569 1777 1598 terre
1804 1563 1958 1598 Moravie

101 1627 230 1661 solitum
261 1631 293 1660 ct
321 1630 542 1672 prescriptum
572 1631 693 1661 nostris
722 1631 865 1673 propriis
893 1627 1062 1662 laboribus
1092 1633 1123 1661 et
1153 1630 1311 1673 expensis
1340 1629 1499 1672 quociens
1536 1625 1634 1659 fuerit
1671 1629 1881 1670 oportunum,
1920 1634 1959 1656 ac

101 1690 206 1721 eciam
237 1690 339 1732 ipsam
375 1687 486 1721 villam
522 1699 594 1721 cum
631 1688 782 1721 omnibus
821 1692 852 1721 et
890 1688 1028 1733 singulis
1063 1691 1277 1734 pertinenciis
1314 1686 1471 1733 predictis
1509 1684 1703 1720 Katherine.
1751 1687 1847 1718 uxori
1886 1695 1959 1717 mee

101 1747 260 1793 predicte.
300 1750 432 1781 nomine
471 1751 520 1781 sui
563 1748 706 1781 dotalicii
745 1748 957 1782 intabulatam
1000 1759 1172 1793 exponere
1215 1752 1245 1781 et
1275 1746 1470 1781 extabulare
1513 1745 1688 1790 eidemque
1716 1772 1723 1778 .
1757 1772 1762 1778 .
1794 1744 1960 1778 abbatisse

102 1812 133 1841 et
162 1810 341 1841 conventui
371 1807 554 1841 intabulare
584 1813 615 1842 et
644 1808 828 1842 inscribere
857 1812 888 1842 in
918 1813 1008 1841 terre
1036 1807 1189 1842 Moravie
1219 1819 1278 1841 seu
1307 1809 1480 1853 provincie
1511 1805 1637 1839 tabulas
1667 1808 1739 1839 sive
1768 1808 1960 1849 registrum.

103 1870 343 1913 quamprimum
372 1871 404 1901 in
434 1868 584 1912 generali
614 1869 820 1903 dominorum
851 1869 1017 1914 colloquio
1048 1868 1262 1902 Olomucensi
1291 1870 1443 1913 patuerit.
1484 1866 1556 1907 Que
1586 1871 1618 1899 et
1646 1876 1785 1911 quorum
1822 1865 1960 1898 alterum

102 1928 277 1962 insolidum
306 1931 333 1962 si
361 1940 427 1962 non
457 1928 647 1973 fecerimus,
678 1935 800 1963 extunc
830 1933 938 1963 statim
968 1934 1035 1963 tres
1065 1940 1108 1962 ex
1137 1928 1232 1962 nobis
1261 1929 1435 1962 insolidum
1466 1928 1622 1962 videlicet
1651 1926 1809 1960 militares
1825 1925 1960 1971 ydonei.

105 1992 158 2034 qui
187 2000 260 2022 cum
291 2001 308 2022 a
338 1989 432 2023 dictis
463 2017 469 2022 .
502 2017 507 2023 .
538 1989 704 2023 abbatissa
735 1994 764 2024 et
795 1994 961 2023 conventu
1004 1994 1058 2023 aut
1086 2000 1200 2022 earum
1230 1992 1323 2023 vices
1353 1992 1384 2022 in
1413 1989 1476 2022 hiis
1505 1986 1699 2032 gerentibus
1729 1985 1961 2020 monebuntur.

105 2051 212 2094 quivis
242 2061 315 2083 cum
344 2061 410 2083 uno
440 2049 561 2083 famulo
590 2050 724 2095 ydoneo
754 2055 785 2084 et
815 2050 941 2084 duobus
972 2053 1064 2096 equis
1101 2049 1176 2083 loco
1213 2052 1317 2083 nostri
1355 2049 1514 2082 ordinatis
1550 2047 1737 2091 obstagium
1777 2056 1893 2079 verum
1932 2049 1963 2078 et

105 2110 233 2143 solitum
263 2112 295 2143 in
324 2113 459 2143 civitate
490 2109 672 2144 Olomuncz
702 2115 734 2143 et
763 2110 861 2144 domo
890 2110 1030 2144 honesta
1059 2113 1139 2156 ipsis
1168 2121 1228 2155 per
1257 2109 1391 2143 easdem
1425 2137 1430 2142 .
1457 2137 1462 2142 .
1488 2108 1688 2141 abbatissam
1710 2111 1741 2140 et
1761 2110 1962 2139 conventum

106 2170 259 2215 deputata
288 2170 455 2204 intrabunt
484 2173 691 2214 intemerate,
721 2170 804 2204 alter
833 2171 967 2204 alterius
997 2170 1186 2204 absenciam
1217 2181 1281 2204 non
1312 2169 1514 2215 pretendens
1542 2179 1605 2201 nec
1634 2169 1756 2200 exituri
1784 2166 1824 2199 de
1846 2164 1963 2198 eodem

107 2229 260 2274 obstagio
290 2230 396 2275 aliqua
426 2233 506 2264 iuris
534 2231 590 2264 vel
619 2231 866 2264 consuetudinis
895 2242 995 2264 causa
1024 2233 1205 2277 proposita,
1237 2231 1343 2264 donec
1360 2230 1445 2263 dicta
1473 2228 1669 2273 exbrigacio
1691 2226 1744 2260 vel
1765 2227 1963 2270 registracio

107 2293 199 2324 cuius
228 2301 328 2325 causa
358 2294 384 2325 si
423 2294 569 2325 extiterit
607 2291 750 2325 totaliter
784 2302 844 2337 per
880 2302 940 2325 nos
977 2296 1008 2325 et
1042 2291 1186 2325 heredes
1223 2295 1356 2324 nostros
1394 2289 1568 2323 insolidum
1605 2287 1760 2333 expedita
1799 2285 1895 2319 fuerit
1934 2289 1965 2318 et

109 2350 207 2395 digna
237 2350 471 2385 satisfaccione
499 2354 686 2385 terminata.
725 2351 805 2385 Item
843 2351 960 2385 eodem
999 2351 1098 2385 modo
1136 2355 1169 2384 ut
1207 2362 1306 2396 supra
1335 2352 1566 2395 promittimus.
1606 2350 1633 2381 si
1662 2349 1733 2392 quis
1763 2348 1963 2379 necessitate

108 2413 402 2456 consanquinitatis
430 2414 560 2446 iunctus
589 2411 709 2445 dictam
731 2412 840 2446 villam
863 2423 921 2457 per
942 2412 1075 2446 modum
1096 2411 1311 2445 discussionis
1341 2421 1400 2443 seu
1430 2409 1657 2442 alienacioniS.
1687 2418 1750 2451 que
1779 2405 1965 2449 vulgariter

110 2470 309 2516 abscllitung
346 2471 475 2515 dicitur.
516 2472 577 2506 sihi
614 2472 795 2506 vendicare
832 2472 945 2515 vellen
985 2472 1072 2517 quod
1100 2472 1131 2505 id
1160 2482 1226 2504 non
1256 2471 1350 2504 aliter
1379 2469 1451 2503 fieri
1480 2469 1578 2502 liceat
1607 2478 1669 2500 nec
1698 2465 1837 2500 debetur
1867 2475 1964 2510 quam

109 2531 148 2565 de
191 2534 348 2565 trecentis
390 2535 511 2566 marcis
553 2543 750 2577 grossorum
795 2532 1006 2566 denariorum
1049 2534 1265 2577 pragensium
1308 2534 1339 2563 et
1378 2531 1507 2562 numeri
1553 2528 1800 2573 predictorum:
1856 2525 1964 2558 taliter

108 2591 329 2636 instipulatum
360 2595 464 2637 pactis
493 2597 524 2626 et
554 2592 704 2626 deductis
733 2597 829 2638 prout
866 2603 977 2637 supra.
1012 2592 1100 2625 nullo
1139 2590 1233 2624 nobis
1272 2592 1395 2635 pariter
1434 2593 1465 2622 et
1504 2588 1635 2622 divisim
1675 2589 1755 2619 iuris
1793 2584 1966 2619 cuiuslibet

109 2654 260 2684 canonici
298 2652 352 2686 vel
388 2652 495 2686 civilis
532 2652 695 2687 beneficio
731 2664 791 2687 seu
828 2653 905 2687 facti
939 2652 1061 2686 auxilio
1098 2653 1268 2697 premissis
1307 2652 1475 2683 contrario
1516 2658 1671 2693 uinquam
1709 2646 1773 2680 alio
1816 2650 1965 2691 tempore
