2336 3074
995 316 1100 352 480.

114 419 190 453 Das
222 419 396 453 Olnmtzer
425 420 568 464 Kapitel
595 419 737 462 erlsliirt,
768 420 849 454 dass
884 431 920 454 es
956 419 1061 453 seleon
1097 431 1137 453 zu
1167 418 1350 453 Lebz-eiten
1387 419 1447 452 des
1476 419 1659 464 Biscleofes
1691 419 1792 453 Peter
1820 420 1878 452 mit
1906 419 1970 452 ilem

114 480 266 523 z-uqlee'cle
296 482 392 514 seine
422 480 666 524 Einwillt'qmeq
693 480 845 524 yeqebeu
875 480 965 514 habe
993 492 1067 514 z-um
1084 479 1248 525 Ausbaue
1276 481 1370 513 eines
1399 490 1508 513 neuen
1540 479 1909 514 Isartlaaaserlflosters
1939 481 1970 513 iu

710 540 835 574 Dolau.
868 540 925 575 Dt.
957 541 1016 575 22.
1048 540 1123 575 Mai
1152 539 1261 574 1388.
1293 552 1320 573 3.
1351 539 1372 573 l.

271 616 361 670 Nos
391 637 546 670 Andreas
576 636 722 670 decanus
752 641 783 670 et
812 639 988 682 capitulum
1019 636 1163 669 ecclesie
1193 635 1425 670 olomucensis
1467 640 1584 669 tenore
1622 638 1833 681 presencium
1866 645 1971 669 reco-

116 700 309 742 gnoscimus
324 700 502 731 universis.
533 696 628 738 Quod
650 697 788 742 pridem,
819 696 895 730 dum
922 699 1055 730 viveret
1084 700 1199 730 sancte
1228 699 1388 729 memorie
1417 695 1626 729 reverendus
1655 698 1685 729 in
1716 695 1848 729 Christo
1877 700 1971 741 pater

112 757 263 791 dominus
289 756 405 791 Petrus
435 760 610 803 episcopus
641 756 886 800 Olomucensis,
915 767 978 790 una
1008 755 1181 790 nobiscum
1212 759 1392 798 consensit‚
1423 755 1508 801 quod
1530 755 1679 800 religiosi
1699 755 1820 789 fratres
1847 756 1971 789 ordinis

112 816 333 851 Cartusiensis
374 829 479 863 prope
516 818 626 851 villam
656 818 763 852 Dolan
793 821 824 851 in
863 816 1005 862 quodam
1044 816 1118 850 loco
1153 827 1276 851 novum
1314 818 1551 850 monasterium
1591 818 1639 849 sui
1678 816 1802 849 ordinis
1838 818 1972 861 erigere

112 882 249 924 possent.
276 883 308 911 et
337 877 504 912 edificare.
534 878 569 912 In
600 889 738 923 quorum
768 880 989 912 testimonium
1019 877 1162 921 sigillum
1193 877 1325 922 capituli
1350 879 1455 910 nostri
1475 875 1685 922 presentibus
1706 881 1756 910 est
1776 887 1969 922 appensum.

112 937 232 972 Datum
271 949 358 972 anno
392 938 514 972 domini
553 938 727 972 millesimo
765 940 1003 972 trecentesimo
1039 940 1247 982 octogesimo
1286 941 1419 979 octavo,
1456 935 1540 970 feria
1577 941 1672 969 sexta
1709 935 1792 969 infra
1833 941 1971 969 octavas

110 998 359 1044 penthecostes.

420 1051 493 1085 [Auf
513 1052 563 1077 der
585 1052 725 1077 Plicatur:
749 1051 876 1076 Jacobus
902 1051 1042 1076 Pudwicz.
1068 1066 1105 1069 —
1133 1050 1209 1084 Orig.
1232 1050 1312 1083 Perg.
1337 1058 1372 1075 311
1391 1050 1679 1083 Pergaincntstreifen
1699 1050 1723 1076 Ιι.
1741 1054 1791 1082 gut
1808 1049 1969 1074 erhaltenes

524 1104 581 1137 Siga
606 1104 633 1128 in
658 1104 711 1129 den
729 1103 823 1128 Akte„
849 1103 896 1127 des
917 1102 1062 1127 ‹jtlmutzer
1078 1101 1379 1127 Karthauserklosters
1397 1102 1432 1126 im
1451 1101 1691 1126 Lamlesarchivv.
1718 1117 1756 1119 ἡ
1782 1100 1966 1134 Abgedruckt

524 1155 567 1180 bei
592 1156 647 1180 Pez
672 1155 705 1181 T.
731 1155 765 1179 V.
790 1154 859 1182 Cod.
885 1154 954 1188 dipl.
979 1163 1005 1187 p¹
1030 1154 1067 1178 11.
1092 1163 1118 1187 p.
1145 1153 1204 1187 77.)

994 1298 1098 1334 481.

112 1403 288 1449 Siqmund,
330 1404 445 1447 Kom'y
493 1414 554 1437 con
601 1403 752 1447 [fugarat
795 1403 948 1444 hebetent,
996 1403 1076 1436 dass
1119 1414 1156 1435 er
1194 1402 1256 1436 den
1295 1401 1520 1445 Markyrafeu
1558 1400 1671 1434 Jodolc
1715 1401 1781 1433 med
1832 1399 1969 1444 Prokop

111 1465 250 1499 25.000
290 1464 419 1498 Gulden
457 1464 611 1508 sckuldiy
648 1465 710 1497 sei.
749 1464 803 1497 die
840 1476 878 1497 er
916 1465 947 1496 ιἰι
981 1464 1066 1507 funs
1095 1462 1226 1496 Jahren
1265 1461 1517 1495 zuruclsz-altlen
1564 1461 1670 1494 molle.
1729 1460 1787 1494 Dt.
1833 1459 1972 1505 Sempte

896 1524 929 1557 2.
959 1523 1042 1557 ,Ιαηῖ
1070 1522 1179 1556 1388.

271 1601 359 1655 Ros
398 1620 631 1665 Sigismundus
661 1620 711 1654 dei
741 1623 855 1664 gracia
892 1631 954 1653 rex
995 1618 1179 1663 Hungarie.
1222 1618 1405 1660 Dalmacie,
1449 1616 1590 1650 Croacie
1632 1620 1694 1650 etc.
1739 1627 1777 1650 ac
1820 1616 1969 1649 marchio

109 1681 456 1726 Brandemburgeusis
484 1692 530 1714 rc.
561 1681 818 1714 notumfacimus
848 1685 963 1714 tenore
991 1681 1202 1725 presencium
1230 1681 1407 1711 universis.
1444 1677 1539 1718 Quod
1569 1687 1612 1710 ex
1641 1687 1740 1710 causa
1770 1679 1843 1710 veri
1873 1675 1973 1710 debiti

111 1742 289 1776 illustribus
326 1742 530 1787 principibus
569 1741 708 1774 dominis
746 1740 874 1774 Jodoco
912 1744 943 1773 et
972 1739 1135 1785 Procopio
1173 1737 1420 1772 marchionibus
1458 1737 1610 1771 Moravie
1647 1739 1678 1770 in
1707 1739 1971 1781 w'gintiquinque

111 1803 240 1837 milibus
269 1802 471 1836 florenorum
501 1805 571 1835 auri
601 1801 762 1835 debitorie
792 1801 979 1845 obligamur
1016 1805 1047 1833 et
1085 1799 1201 1833 eadem
1239 1801 1505 1843 vigintiquinque
1544 1797 1631 1830 milia
1662 1796 1863 1830 florenorum
1902 1799 1972 1830 auri

111 1863 195 1897 infra
224 1866 482 1909 quinquennium
522 1873 540 1895 a
575 1863 648 1896 data
684 1865 894 1908 presencium
932 1861 1120 1894 immediate
1155 1864 1185 1893 et
1223 1861 1378 1893 continue
1417 1857 1660 1891 revolvendum
1690 1856 1835 1902 quolibet
1874 1867 1971 1890 anno.

114 1925 266 1958 videlicet
296 1927 328 1958 in
358 1923 443 1958 festo
481 1927 584 1957 sancti
615 1923 753 1967 Georgii
790 1925 942 1968 proxime
980 1926 1122 1955 venturo
1160 1919 1348 1965 incipiendo
1387 1922 1418 1951 et
1447 1917 1586 1963 amplius
1616 1917 1850 1960 continuandQ
1887 1927 1972 1962 pro-

112 1988 268 2019 mittimus
310 1990 343 2019 et
383 1987 504 2019 virtute
546 1987 756 2029 presencium
798 1983 999 2029 spondemus
1041 1981 1178 2028 prefatis
1221 1980 1361 2014 dominis
1403 1976 1663 2020 marchionib11S‚
1703 1979 1846 2022 quinque
1885 1977 1971 2010 milia

111 2045 311 2080 florenorum
341 2048 412 2079 auri
440 2045 532 2088 dare,
562 2044 695 2078 solvere
724 2048 757 2078 et
792 2046 824 2077 in
853 2046 987 2077 civitate
1015 2041 1161 2076 Redisch
1190 2051 1355 2087 reponere
1384 2050 1423 2072 ac
1451 2041 1522 2072 sine
1551 2036 1694 2083 qualibet
1728 2039 1972 2071 intermissione

112 2117 216 2151 usque
245 2106 284 2140 ad
313 2105 443 2152 plenam
481 2105 686 2139 solucionem
723 2106 988 2149 vigintiquinque
1026 2103 1148 2136 milium
1186 2101 1389 2135 florenorum
1425 2102 1496 2134 auri
1527 2104 1676 2132 tenemur
1711 2098 1855 2143 quolibet
1885 2108 1970 2131 311110

112 2166 283 2212 expedire.
314 2165 409 2207 Quod
439 2169 465 2200 si
493 2169 525 2199 in
555 2165 663 2210 aliquo
692 2167 833 2198 termino
863 2167 1100 2208 cuiuscumque
1130 2165 1205 2196 anni
1234 2162 1318 2195 infra
1348 2161 1468 2194 dictum
1499 2161 1768 2204 quinquiennium
1806 2158 1971 2204 predictas

112 2229 271 2272 pecunias
305 2227 440 2261 solvere
478 2230 510 2260 et
545 2236 709 2272 reponere
738 2224 1000 2269 neglexerimus7
1039 2223 1124 2268 quod
1162 2222 1257 2266 absin
1287 2226 1409 2255 extunc
1438 2230 1646 2265 quecumque
1676 2218 1815 2264 dampna
1853 2217 1972 2263 prefati

112 2287 235 2321 domini
263 2286 474 2321 marchiones
504 2286 546 2320 ob
575 2285 762 2320 huiusmodi
790 2296 856 2319 non
876 2284 1080 2318 solucionem
1110 2286 1332 2328 perceperint.
1362 2292 1422 2327 pro
1452 2280 1577 2313 eisdem
1608 2279 1759 2313 omnibus
1781 2283 1811 2311 et
1832 2278 1970 2322 singulis

112 2358 253 2381 unacum
289 2347 420 2393 capitali
453 2350 592 2393 pecunia
630 2346 756 2380 eisdem
794 2345 934 2379 dominis
971 2343 1217 2378 marchionibus
1256 2342 1452 2376 satisfacere
1490 2343 1708 2386 promittimus
1751 2343 1783 2372 01
1819 2343 1972 2372 10110111111·

111 2411 231 2442 statim.
262 2419 334 2441 cum
363 2411 476 2441 moniti
505 2407 664 2441 fuerImus
692 2418 753 2452 per
781 2405 928 2439 eosdem.
984 2404 1020 2438 In
1057 2414 1135 2437 casu
1174 2408 1295 2445 autem,
1335 2402 1389 2435 ubi
1418 2402 1495 2435 illud
1524 2401 1637 2434 facere
1666 2411 1732 2433 non
1766 2410 1970 2432 curaremus.

112 2472 234 2502 extunc
263 2467 357 2501 dictis
386 2468 528 2501 dominis
557 2466 803 2501 marchionibus
840 2465 897 2499 vel
925 2476 1039 2498 eorum
1069 2462 1359 2508 vicesgerentibus
1397 2462 1512 2495 damus
1542 2465 1575 2494 et
1602 2463 1724 2494 virtute
1761 2462 1971 2505 presencium

113 2528 326 2562 concedimus
354 2527 487 2573 plenam
508 2531 720 2573 potestatem,
749 2526 901 2559 homines
930 2529 961 2559 et
992 2524 1076 2558 bona
1097 2529 1210 2557 nostra
1240 2528 1271 2557 et
1291 2522 1453 2568 quoslibet
1478 2525 1695 2555 mercatores.
1726 2519 1851 2553 incolas
1875 2521 1971 2563 regni

114 2588 285 2632 Hungarie
327 2592 360 2621 01
401 2599 516 2622 eorum
552 2587 640 2622 bona
677 2599 736 2621 seu
766 2589 981 2620 mercimonia
1020 2595 1227 2629 quecumque
1258 2588 1288 2617 et
1324 2583 1522 2627 ubicumque
1557 2584 1691 2614 inventa
1722 2579 1906 2613 arrestandi
1940 2583 1968 2612 et

114 2648 356 2694 impignorandi
393 2648 519 2694 absque
555 2648 699 2694 qualibet
736 2650 997 2693 repugnacione,
1037 2644 1306 2678 contradiceione
1343 2647 1373 2676 et
1411 2644 1590 2676 occasione
1627 2644 1740 2674 nostra
1787 2650 1891 2684 usque
1931 2639 1968 2672 ad
