2336 3074
995 209 1066 243 123

97 314 281 360 privilegiis
311 316 412 358 ipsius
441 314 566 347 ordinis
596 312 842 347 Carthusiensis
871 313 1051 346 liberaliori
1082 313 1280 354 (1011ῃοί0110,
1309 323 1371 356 qua
1403 312 1566 345 valuimus
1596 315 1628 344 et
1657 313 1761 344 eciam
1783 313 1961 356 potuimus‚

96 375 196 408 nichil
225 377 355 420 penitus
381 375 478 418 juris„
508 377 721 419 proprietatis
750 377 805 406 aut
834 373 968 407 dominii
998 373 1092 407 nobis
1122 377 1175 405 aut
1214 372 1468 406 successoribus
1497 374 1620 406 nostris
1658 371 1856 405 reverendis
1896 381 1962 416 pa-

97 435 199 469 tribus
228 434 547 468 Luthomisleusilms
578 437 743 480 episcopis
772 437 804 467 in
835 433 951 467 talibus
982 435 1197 469 monasteria
1228 432 1339 470 domo„
1370 432 1455 468 loeo„
1486 432 1586 465 fundo
1617 436 1648 464 et
1668 442 1746 465 arca
1768 431 1960 476 quomodo-

96 495 173 529 libet
201 500 430 529 reservantes.
461 494 502 528 Et
531 506 574 528 ex
603 506 691 528 nunc
720 497 751 528 in
780 497 904 528 virtute
942 494 1091 527 altissimi
1121 493 1241 526 dictam
1279 492 1411 525 domum
1442 504 1500 525 seu
1532 495 1767 525 monasterium
1799 494 1959 535 erigimus

96 560 127 588 et
156 555 330 589 fundamus
360 558 391 588 in
421 557 658 588 monasterium
689 553 928 588 Carthusiense
966 553 1191 599 supradictum
1222 564 1261 585 ac
1300 552 1447 588 111111111111.
1479 552 1586 585 locum
1625 563 1683 585 seu
1722 563 1834 584 aream
1873 562 1959 597 pre—

95 618 296 648 nominatam
341 615 468 653 damus,
512 614 672 648 tradimus
714 619 744 648 et
788 617 1011 659 assignamus„
1055 613 1245 657 dictumque
1298 612 1433 645 fratrem
1476 612 1663 645 Johannem
1708 617 1873 645 rectorem
1919 611 1959 644 de

95 678 267 721 premissis
296 674 449 708 omnibus
487 679 518 708 et
548 678 654 720 ipsum
691 675 840 708 ordinem
881 673 1155 707 Cartliusiensem
1196 676 1405 710 investimusq
1436 684 1474 705 ac
1514 675 1618 717 ipsum
1658 672 1778 706 locum.
1810 671 1958 712 fundum„

95 745 220 778 aream‚
242 738 479 769 monasterium
500 737 573 768 sive
595 735 726 768 domum
745 735 784 768 ab
801 734 1141 778 omnijurisdiccione
1165 737 1277 767 nostra
1294 737 1325 765 et
1351 735 1495 765 omnium
1513 743 1747 765 successorum
1769 737 1958 765 nostrorum

95 795 238 828 totaliter
267 798 452 829 eximentes
482 798 712 840 prenominato
743 796 849 828 ordini
879 794 1107 828 Carthusiensi
1137 793 1322 839 privilegiis
1352 797 1384 825 et,
1413 792 1617 826 libertatibus
1647 792 1785 836 singulis
1815 796 1846 824 et
1877 795 1956 825 uni-

96 858 204 890 versis
234 855 425 889 subicimus.
464 855 505 889 Et
541 856 581 889 ad
611 867 744 889 omnem
782 856 1001 889 donacionem
1041 856 1238 899 premissam
1277 853 1463 886 faciendam
1502 864 1540 885 ac
1579 857 1777 885 structuram
1815 855 1959 885 omnium

95 915 298 949 edificiorum
330 918 523 950 monasterii
553 918 625 950 sive
655 916 771 949 domus
801 915 930 961 prefate
960 919 1023 948 tam
1055 918 1085 947 in
1116 914 1258 948 ecclesia
1290 925 1387 959 quam
1417 913 1557 958 capella„
1587 913 1679 946 cellis
1709 917 1739 945 et
1761 912 1960 957 quibuslibet

95 976 165 1009 aliis
194 976 335 1010 officinis
365 980 397 1010 et
425 976 574 1010 comodis
603 979 805 1010 necessariis
835 980 866 1009 et
903 975 1085 1009 secundum
1116 974 1248 1008 modum
1278 977 1380 1019 ipsius
1410 974 1535 1007 ordinis
1565 972 1812 1006 Carthusiensis
1852 983 1959 1017 opor-

95 1039 180 1070 tunis
208 1036 445 1082 perficiendam
476 1041 507 1069 et
536 1039 615 1082 ipsis
644 1036 801 1070 fratribus
831 1041 864 1069 et
898 1039 965 1069 suis
996 1035 1138 1069 debitam
1169 1039 1200 1068 et
1238 1037 1496 1068 convenientem
1535 1044 1595 1079 pro
1634 1032 1839 1069 utensilibus„
1870 1035 1959 1065 victu

95 1101 127 1130 et
154 1100 290 1140 vestitu,
320 1097 411 1131 libris
441 1102 473 1130 ct
502 1100 706 1131 ornamentis
736 1099 841 1131 sacris
880 1101 911 1130 et
940 1096 1080 1140 singulis
1118 1098 1319 1129 necessariis
1348 1097 1575 1140 provisionem
1607 1104 1710 1138 usque
1741 1092 1778 1125 ad
1810 1103 1959 1137 percep—

94 1160 224 1190 cionem
254 1161 286 1191 et
314 1158 533 1203 adepcionem
564 1160 789 1203 possessionis
819 1157 1084 1202 supradictorum
1107 1156 1270 1189 bonorum
1300 1154 1481 1188 liberaliter
1512 1153 1709 1189 l'aeiendann
1732 1163 1792 1186 nos
1813 1157 1845 1185 et
1864 1151 1959 1185 nobis

94 1216 322 1251 deficientibus
352 1222 466 1251 nostre
495 1217 608 1251 ultime
637 1217 816 1251 voluntatis
847 1220 1049 1250 executores
1078 1216 1252 1261 deputatos
1290 1215 1345 1248 vel
1374 1217 1405 1248 in
1436 1214 1580 1247 futurum
1610 1213 1817 1258 deputandos
1848 1212 1958 1248 modo.

95 1280 149 1310 via
178 1281 210 1310 et
239 1277 357 1321 forma7
388 1277 505 1323 quibus
534 1278 650 1311 melius
681 1277 752 1311 fieri
780 1281 901 1323 potest‚
932 1276 1069 1310 firmiter
1098 1275 1284 1320 obligamus
1314 1280 1346 1308 et
1373 1277 1587 1318 astringimus
1617 1284 1676 1318 per
1704 1276 1890 1317 presentes.
1923 1271 1958 1304 ln

94 1348 233 1382 quorum
264 1341 487 1372 testimonium
517 1338 577 1372 has
606 1342 720 1372 nostre
758 1337 967 1371 fundacionis
1006 1341 1037 1370 et
1075 1339 1274 1375 creceionis„
1309 1338 1507 1368 investiture
1546 1338 1578 1367 et
1615 1333 1809 1366 donacionis
1846 1332 1958 1365 literas

94 1398 200 1431 ordini
242 1398 392 1443 predicto
435 1398 664 1432 Cartlmsiensi
701 1402 733 1432 et
770 1398 810 1432 ad
855 1409 972 1431 manus
1010 1397 1122 1431 fratris
1160 1396 1322 1429 Johannis
1361 1396 1581 1440 prenominati
1620 1394 1735 1426 (lamus
1773 1392 1957 1436 sigillorum

94 1463 283 1492 nostrorum
314 1461 519 1504 appensione
550 1461 701 1493 munitas.
731 1458 854 1492 Actum
885 1462 918 1491 et
946 1457 1056 1490 datum
1087 1460 1118 1490 in
1148 1457 1234 1490 dicto
1255 1455 1419 1489 fortalicio
1441 1459 1556 1488 nostro
1577 1452 1699 1487 Tirzka
1721 1464 1808 1486 anno
1831 1453 1954 1485 domini

98 1518 271 1553 millesimo
314 1521 550 1552 trecentesimo
593 1521 842 1564 septuagesimo
885 1522 1007 1551 octavo
1049 1520 1080 1550 in
1110 1517 1223 1561 vigilia
1267 1518 1447 1549 nativitatis
1491 1514 1639 1548 eiusdem
1684 1513 1806 1547 domini
1848 1515 1952 1545 nostri

95 1578 176 1612 Jesu
206 1577 338 1612 Christi.

405 1638 495 1673 (Orig.
521 1640 602 1673 Perg.
628 1639 655 1663 11.
680 1639 736 1673 Sig.
763 1639 936 1672 aligerisseu,
960 1638 997 1663 im
1022 1638 1110 1663 iniihr.
1135 1638 1225 1663 Land.
1252 1637 1384 1662 Areliive.
1410 1652 1448 1654 —
1474 1636 1527 1660 Ein
1552 1635 1666 1660 zweites
1690 1634 1842 1667 Exemplar
1866 1634 1957 1659 dieser

511 1690 647 1715 tssrknnde
671 1690 721 1715 hat
746 1690 898 1723 folgenden
924 1689 1056 1715 Seliluss:
1096 1690 1129 1714 In
1161 1698 1280 1723 quorum
1304 1688 1496 1713 testiinonium
1521 1687 1572 1712 has
1597 1690 1692 1711 nostre
1716 1685 1897 1710 fundaeionis
1929 1688 1958 1710 et

509 1742 688 1769 erreccionis.
712 1742 879 1767 investitum
903 1744 930 1767 et
955 1741 1121 1766 donacionis
1146 1741 1243 1766 literas
1267 1739 1359 1765 ordini
1384 1738 1511 1772 predicto
1531 1737 1727 1763 Carthusiensi
1751 1740 1779 1762 et
1804 1737 1839 1761 ad
1857 1745 1956 1761 manus

507 1793 603 1818 fratris
626 1793 768 1819 ι101111111113
792 1793 982 1827 prenominati
1006 1793 1105 1817 damus
1137 1792 1211 1825 sigi
1222 1792 1229 1816 1
1240 1792 1286 1817 lis
1318 1800 1336 1816 11
1346 1800 1360 1816 ο
1372 1800 1384 1815 s
1394 1794 1405 1816 t
1415 1791 1466 1815 ris
1498 1799 1512 1815 c
1522 1799 1605 1815 0111111
1615 1798 1633 1814 u
1642 1798 1660 1813 11
1670 1790 1678 1813 i
1688 1792 1699 1814 t
1708 1798 1722 1813 a
1733 1797 1754 1814 s.
1801 1788 1904 1813 Actum
1929 1790 1957 1813 et

511 1845 608 1870 (latum
626 1846 654 1870 in
672 1845 748 1870 dicto
766 1845 909 1870 fortalicio
927 1844 1154 1870 uostroTirczka
1172 1853 1189 1877 p
1200 1853 1213 1868 r
1222 1852 1236 1869 e
1247 1852 1259 1868 s
1269 1851 1283 1868 e
1293 1852 1311 1867 n
1321 1842 1373 1867 tib
1384 1851 1424 1867 us
1448 1851 1461 1866 1·
1471 1850 1484 1867 c
1495 1851 1512 1867 v
1521 1850 1535 1866 e
1547 1851 1559 1866 r
1570 1850 1584 1866 e
1594 1850 1611 1865 11
1623 1841 1663 1866 do
1680 1844 1764 1874 patr
1773 1849 1787 1865 e
1805 1840 1847 1865 do
1858 1849 1883 1864 111
1895 1839 1901 1864 i
1912 1849 1929 1864 11
1940 1848 1955 1864 0

507 1897 681 1922 Johanue
717 1896 903 1930 episeopo
935 1895 1208 1927 Nazaroteusi,
1240 1894 1385 1919 domino
1415 1893 1645 1918 WVenceslao
1679 1891 1955 1916 archidiacono

509 1947 803 1974 Boleslaviensi
834 1950 869 1972 et
899 1946 1198 1973 honorabilibus
1236 1946 1332 1971 viris
1371 1949 1406 1970 ct
1437 1945 1600 1970 dominis
1631 1943 1820 1976 Jaroslao,
1855 1942 1956 1976 XVoy-

507 2000 635 2025 teehio
668 2002 703 2024 et
734 1999 918 2024 Hartlebo
951 1998 1153 2024 canonicis
1178 1996 1498 2023 Olomucensibus
1529 1999 1564 2021 et
1594 1994 1840 2029 presentibus
1865 1996 1956 2019 stre-

507 2052 589 2077 nuis
620 2051 810 2076 militibus
834 2050 1063 2085 Marquardo
1095 2050 1135 2075 de
1160 2048 1432 2075 Dobromeliez
1465 2050 1596 2073 nostro
1627 2046 1816 2080 magistro
1849 2045 1956 2070 curie

506 2107 541 2129 et
564 2103 654 2129 Vito
679 2103 717 2128 de
741 2102 900 2128 Kralicz
923 2105 959 2127 et
982 2102 1074 2127 aliis
1091 2110 1194 2135 quam
1211 2100 1389 2134 pluribus
1410 2098 1637 2132 fidedignis.
1662 2098 1745 2122 Anno
1763 2097 1868 2122 domini
1885 2096 1954 2129 ete.)

982 2270 1084 2305 134.

94 2376 163 2410 Die
191 2376 296 2410 Stadt
322 2376 444 2410 Britan
475 2375 687 2421 veiplle'cletet
713 2375 786 2408 sicle*
822 2375 895 2408 dem
924 2373 1090 2417 Biscleofe
1117 2372 1256 2406 Johann
1287 2383 1348 2404 ron
1384 2370 1515 2403 Olmntz
1544 2368 1741 2412 allja‘lerlich
1773 2368 1822 2401 40
1853 2367 1955 2401 Marle

380 2435 516 2480 Prayer
547 2435 720 2469 Groschen
752 2447 791 2468 zu
821 2434 954 2468 zalelen.
1011 2433 1070 2467 Dt.
1101 2433 1222 2466 Bruma
1251 2431 1311 2464 31.
1343 2429 1536 2464 Dezemher
1567 2428 1676 2462 1378.

259 2520 365 2573 wir
394 2539 453 2573 der
481 2539 757 2584 burgermeister„
787 2539 847 2572 der
876 2542 923 2571 rat
953 2538 1018 2571 und
1048 2537 1100 2571 die
1128 2546 1335 2581 geswornen
1364 2534 1424 2567 der
1453 2537 1517 2568 stat
1545 2544 1584 2565 zu
1614 2532 1748 2565 Brunne
1778 2529 1955 2564 bekennen

94 2599 158 2633 und
188 2603 244 2633 tun
272 2598 353 2632 kunt
382 2598 537 2633 offenlieh
567 2601 624 2632 mit
653 2598 756 2633 disem
785 2598 893 2632 briefe
922 2598 1007 2631 allen
1037 2598 1112 2640 den,
1143 2597 1195 2630 die
1223 2598 1256 2629 in
1284 2595 1389 2629 seben
1418 2593 1501 2627 oder
1530 2592 1635 2626 horen
1663 2591 1768 2625 lesen.
1799 2591 1870 2624 Daz
1891 2593 1955 2624 wir

94 2659 198 2693 durch
227 2659 417 2694 sunderlich
457 2658 561 2704 gebot
597 2659 656 2693 des
694 2658 991 2704 durchleuchtigen
1030 2658 1094 2691 und
1129 2655 1395 2701 hochgebornen
1432 2653 1560 2687 fursten
1598 2652 1663 2685 und
1699 2651 1813 2688 hei-ru„
1852 2651 1954 2684 herrn

1748 2716 1800 2741 161ἓ
