2336 3074
988 192 1060 225 305

93 297 178 343 quod
208 300 278 343 ipse
317 300 477 343 magister
514 297 555 331 de
584 308 644 331 sex
683 296 813 330 clericis
851 296 994 339 utilibus.
1025 300 1057 329 ut
1087 295 1265 329 celebriter
1294 300 1412 340 agatur
1449 296 1604 338 officium.
1640 300 1792 329 teneatur
1821 297 1960 342 amplius

91 357 284 404 providere.
314 357 353 391 Et
384 360 458 403 quia
488 357 636 403 prefatos
664 360 869 402 prepositum
899 361 931 390 et
960 356 1081 389 fratres
1110 368 1126 389 a
1159 367 1287 390 summa
1319 360 1417 390 missa
1448 357 1654 390 decantanda
1685 360 1958 399 exoneravimus7

92 418 245 452 volumus
274 418 427 463 provide.
447 422 479 451 ut
509 417 658 451 scolares
687 421 717 450 et
739 416 863 451 clerici.
893 427 953 462 per
973 427 1055 461 quos
1085 416 1201 449 eadem
1224 419 1322 449 missa
1353 416 1469 450 debeat
1501 417 1683 460 decantari.
1718 417 1960 463 superpelliciis

91 482 235 520 utantur.
265 477 383 523 quibus
412 482 445 511 et
472 478 543 511 aliis
573 477 664 511 horis
693 480 875 514 canonicis.
905 480 932 511 si
962 480 1051 522 ipsos
1080 479 1244 510 interesse
1274 480 1463 521 contigerit.
1492 478 1642 511 similiter
1670 478 1772 511 induti
1801 481 1959 521 existant.

91 542 123 572 et
152 538 192 571 de
221 538 378 583 predictis
415 537 656 583 superpelliciis
684 548 701 570 a
731 537 923 583 parentibus
952 540 1099 583 ipsorum
1128 537 1307 571 scolarium
1337 537 1432 571 debet
1462 539 1644 584 provideri.
1675 542 1735 572 nisi
1770 542 1959 584 prepositus

91 598 132 631 de
152 597 238 631 bona
259 599 429 632 voluntate
448 602 586 643 propter
604 608 770 643 pauperes
790 598 939 631 scolares
960 597 1061 631 vellet
1081 598 1122 631 de
1143 597 1303 643 aliquibus
1323 598 1514 643 providere.
1538 598 1618 632 Item
1644 602 1753 632 animo
1775 598 1958 633 deliberato

90 657 212 692 ibidem
250 661 281 692 in
318 658 504 702 Sternberg
549 661 581 691 in
619 658 693 691 loco
731 658 882 691 inferiori
923 669 1045 691 novam
1086 657 1245 691 fabricam
1293 670 1463 692 cassamus
1502 659 1735 693 decernentes.
1772 660 1858 704 quod
1897 671 1958 705 pro

90 717 259 761 fratribus.
289 721 342 763 qui
371 729 447 752 esse
484 721 514 751 in
543 718 660 752 eodem
689 718 764 752 loco
785 717 939 761 debeant,
969 721 1033 752 sint
1061 721 1093 752 in
1122 721 1228 764 primo
1256 722 1458 752 monasterio
1488 721 1605 763 viginti
1635 722 1778 764 quinque
1813 731 1958 765 persone

91 779 249 824 religiose
277 784 310 812 ut
339 779 507 825 prefertur
536 783 754 812 annumerato
784 781 832 812 eis
860 782 1043 824 preposito.
1072 778 1112 812 Et
1143 782 1173 812 in
1204 791 1283 812 casu
1312 779 1365 812 ubi
1395 784 1532 812 auctore
1561 779 1720 812 altissimo
1747 783 1959 824 contingeret

90 851 164 882 nos,
193 840 336 874 heredes
365 844 498 873 nostros
527 844 581 873 aut
609 850 827 873 successores
857 839 1007 873 dominos
1036 842 1068 873 in
1090 839 1276 884 Sternberg
1306 839 1447 873 eundem
1477 839 1585 872 locum
1615 839 1808 873 inferiorem
1843 840 1957 874 divino

90 901 190 934 cultui
219 900 389 946 adaptare.
419 911 463 933 ex
493 904 569 933 tunc
597 891 786 945 prepositus
815 900 991 946 provideat
1021 900 1061 933 de
1091 900 1211 933 divinis
1241 899 1361 933 ibidem
1399 898 1620 932 celebrandis.
1651 904 1747 944 prout
1785 911 1886 945 super
1915 911 1956 933 eo

90 961 190 994 fuerit
219 971 292 994 cum
323 964 394 1006 ipso
425 960 674 994 concordatum.
705 960 787 994 Item
817 960 902 1005 quod
934 963 1122 1005 prepositus
1151 963 1252 1006 ipsius
1284 962 1477 993 monasterii
1499 959 1655 993 fratribus
1676 963 1743 993 suis
1774 960 1813 993 de
1835 963 1954 993 amictu

91 1025 122 1054 et
158 1024 247 1055 victu
285 1021 405 1054 debeat
439 1020 620 1066 providere
653 1022 749 1064 juxta
786 1020 1027 1054 observancias
1064 1025 1095 1054 in
1132 1021 1248 1054 ordine
1286 1024 1433 1066 ipsorum
1469 1025 1659 1054 consuetas.
1715 1020 1797 1054 Item
1835 1020 1956 1053 fratres

90 1081 209 1128 prefati
239 1084 433 1115 monasterii
462 1081 532 1115 dies
561 1083 813 1115 anniversarios
848 1081 1004 1114 videlicet
1032 1084 1139 1127 patrui
1168 1084 1272 1115 nostri
1302 1081 1457 1114 antedicti
1496 1080 1619 1113 domini
1648 1080 1777 1113 Alberti
1808 1083 1955 1125 episcopi

90 1141 409 1176 Luthomischlensis
437 1144 490 1187 pie
519 1144 681 1175 memorie
710 1146 740 1174 et
771 1141 894 1175 domini
924 1141 1084 1187 Stephani
1121 1145 1175 1175 avi
1205 1145 1320 1185 nostri,
1350 1153 1389 1175 ac
1419 1142 1551 1175 domine
1588 1140 1689 1174 Anne
1726 1152 1790 1173 ave
1828 1145 1954 1174 nostre.

89 1214 152 1236 nec
181 1213 246 1236 non
276 1201 432 1235 nobilium
463 1201 550 1235 Petri
579 1204 686 1247 patrui
715 1204 831 1235 nostri.
862 1201 1052 1235 Sdenconis
1080 1205 1243 1247 genitoris
1281 1205 1385 1236 nostri
1415 1206 1447 1235 et
1475 1201 1574 1235 Anne
1611 1204 1724 1234 matris
1761 1205 1886 1243 nostre.
1917 1212 1955 1233 ac

90 1268 239 1297 nostrum
269 1267 301 1296 et
328 1267 443 1296 nostre
472 1261 676 1295 conthoralis
705 1263 805 1296 Anne
834 1262 967 1296 domine
1006 1267 1036 1295 et
1066 1262 1210 1306 Agnetis
1249 1274 1321 1295 cum
1358 1261 1537 1295 Catharina
1575 1272 1729 1295 sororum
1765 1265 1953 1294 nostrarum

90 1334 163 1357 cum
193 1323 317 1367 vigiliis
345 1333 468 1356 novem
497 1323 684 1356 leccionum
714 1322 754 1356 de
783 1333 861 1356 sero
890 1322 950 1356 sub
980 1327 1057 1356 nota
1087 1327 1117 1355 et
1147 1323 1187 1356 de
1217 1333 1314 1356 mane
1343 1333 1417 1355 cum
1448 1325 1547 1355 missa
1577 1322 1760 1355 solenniter
1787 1332 1955 1366 peragere

91 1388 276 1426 teneantur.
307 1382 482 1428 cujuslibet
511 1383 596 1417 diem
627 1386 894 1416 anniversarium
925 1382 1042 1416 debitis
1071 1382 1276 1428 temporibus
1314 1387 1345 1415 et
1383 1382 1618 1416 intervallatim
1657 1381 1893 1424 observantes„
1924 1385 1954 1413 et

89 1448 121 1478 in
150 1444 214 1478 hoc
244 1444 352 1477 medio
383 1448 459 1477 tunc
488 1444 642 1488 legantur
677 1446 777 1477 misse
810 1454 870 1489 per
899 1444 981 1477 alios
1010 1447 1101 1477 iuxta
1130 1446 1278 1488 graciam
1308 1446 1387 1489 ipsis
1416 1443 1573 1476 divinitus
1593 1445 1785 1487 inspiratam
1812 1446 1953 1487 postque

89 1508 339 1551 prenominatos
369 1504 439 1537 dies
468 1507 719 1537 anniversarios
748 1504 836 1537 illum
867 1515 986 1537 annum
1017 1504 1215 1537 concludant
1251 1507 1312 1549 ipsi
1340 1506 1529 1550 prepositus
1565 1508 1596 1536 et
1632 1503 1754 1536 fratres
1792 1505 1842 1536 sui
1879 1513 1953 1535 cum

89 1576 155 1599 uno
184 1565 236 1599 die
265 1561 679 1608 anniversariogenerali
708 1575 768 1609 pro
799 1564 950 1598 omnibus
979 1567 1102 1598 nostris
1131 1564 1403 1610 progenitoribus
1441 1568 1473 1597 et
1509 1566 1782 1608 consanguineis.
1813 1573 1952 1607 quorum

89 1628 222 1660 nomina
251 1636 317 1659 non
348 1629 421 1658 sunt
451 1627 604 1670 superius
633 1636 808 1670 expressa.
839 1636 911 1658 cum
941 1625 1066 1669 vigiliis
1096 1630 1127 1658 et
1157 1628 1266 1659 missis
1296 1636 1336 1658 eo
1358 1624 1467 1667 modo.
1489 1628 1521 1657 ut
1543 1623 1721 1669 prefertur.
1752 1623 1834 1657 Item
1856 1622 1953 1655 debet

89 1689 278 1732 prepositus
307 1697 367 1731 per
405 1685 526 1719 fratres
564 1688 614 1719 sui
652 1688 857 1719 monasterii.
887 1697 970 1731 quos
1008 1685 1047 1718 ad
1086 1685 1150 1719 hoc
1189 1688 1296 1730 magis
1334 1685 1474 1718 idoneos
1511 1687 1729 1718 estimaverit.
1759 1682 1952 1729 parochiam

89 1746 210 1781 ibidem
239 1757 363 1791 regere
392 1746 564 1780 audiendis
593 1745 873 1788 confessionibus.
895 1751 925 1779 et
955 1749 985 1779 in
1007 1748 1226 1779 sacramentis
1246 1745 1482 1788 ministrandis,
1504 1748 1588 1779 sicut
1608 1744 1672 1778 hoc
1692 1744 1788 1777 saluti
1809 1742 1951 1776 fidelium

89 1807 206 1841 melius
234 1807 355 1841 viderit
385 1807 558 1852 expedire.
616 1806 652 1840 Si
689 1812 799 1840 autem
828 1807 1001 1840 videretur
1029 1806 1137 1840 eidem
1173 1809 1356 1852 prepositQ
1396 1805 1586 1850 hujusmodi
1625 1805 1952 1838 administracionem

90 1868 205 1902 melius
234 1867 305 1901 fieri
334 1878 395 1913 per
424 1867 566 1901 clericos
595 1867 766 1901 seculares
801 1867 865 1901 hoc
895 1868 966 1911 ejus
996 1868 1155 1901 industrie
1194 1871 1225 1900 et
1263 1867 1400 1901 arbitrio
1438 1866 1650 1899 decernimus
1687 1863 1952 1909 relinquendum.

88 1929 174 1963 Dum
204 1931 309 1962 eciam
339 1938 514 1961 numerum
544 1927 682 1961 fratrum
712 1938 910 1973 expressum
940 1931 972 1961 in
1006 1928 1157 1973 predicto
1187 1930 1390 1961 monasterio
1420 1937 1480 1972 per
1510 1930 1651 1959 mortem
1688 1924 1743 1958 vel
1780 1933 1952 1957 recessum

89 1989 228 2034 aliquus
258 1991 416 2022 minorari
446 1991 668 2032 contingeret,
698 1987 851 2021 volumus
881 1988 967 2033 quod
997 1991 1186 2033 prepositus
1217 1992 1247 2021 et
1276 1989 1428 2021 canonici
1457 1997 1517 2020 seu
1546 1985 1668 2019 fratres
1689 1984 1772 2018 infra
1804 1982 1953 2029 quartale

88 2053 184 2083 unius
213 2052 290 2083 anni
319 2049 509 2082 immediate
538 2059 683 2093 sequens
713 2051 818 2094 ipsum
849 2059 1023 2082 numerum
1054 2052 1230 2082 teneantur
1259 2051 1451 2092 integrare3
1481 2046 1568 2092 quod
1589 2049 1616 2079 si
1646 2045 1730 2078 infra
1751 2044 1781 2077 id
1803 2042 1953 2089 quartale

89 2110 239 2154 ejusdem
269 2112 345 2143 anni
373 2109 426 2143 ille
455 2109 606 2142 defectus
634 2120 852 2154 personarum
883 2108 1066 2142 debitarum
1102 2119 1168 2142 non
1199 2107 1298 2142 fuerit
1326 2108 1508 2154 suppletus⁷
1539 2117 1582 2139 ex
1619 2110 1695 2139 tunc
1733 2107 1841 2138 statim
1879 2106 1954 2148 post

89 2170 239 2215 quartale
268 2173 370 2216 ipsius
400 2173 475 2203 anni
505 2169 545 2203 ad
575 2180 691 2203 omnes
720 2168 812 2203 cibos
842 2169 1150 2214 quadragesimales
1179 2169 1284 2202 semel
1312 2171 1344 2201 in
1374 2168 1426 2201 die
1447 2167 1639 2209 sumendos,
1660 2169 1730 2211 ipse
1750 2166 1952 2210 preposit115‚

89 2233 144 2276 qui
172 2241 233 2276 pro
263 2235 414 2275 tempore
442 2229 553 2272 fuerit,
583 2234 615 2263 et
644 2240 760 2263 omnes
797 2229 917 2262 fratres
956 2232 1019 2263 sint
1056 2229 1202 2274 obligati,
1233 2231 1281 2262 sic
1319 2228 1443 2262 eisdem
1483 2227 1565 2261 cibis
1603 2230 1733 2259 utentes
1769 2223 1829 2258 sub
1867 2233 1952 2269 pena

89 2293 454 2324 excommunicacionis
497 2294 561 2323 tam
605 2290 670 2326 diu,
709 2290 816 2323 donec
863 2289 901 2322 ad
941 2289 1125 2334 perfectum
1162 2289 1346 2322 antedictus
1390 2298 1548 2321 numerus
1595 2296 1815 2332 personarum
1853 2283 1953 2317 fuerit

89 2354 286 2396 integratus
316 2353 377 2383 nisi
407 2361 451 2384 ex
479 2353 589 2384 causis
618 2350 702 2383 infra
733 2352 865 2395 scriptis
894 2354 1029 2395 possent
1051 2352 1219 2391 excusari.
1240 2349 1396 2382 videlicet
1418 2348 1493 2381 dum
1514 2358 1574 2392 per
1594 2346 1823 2392 pestilenciam
1844 2348 1952 2377 tantus

90 2411 184 2445 fieret
213 2410 363 2444 defectus
392 2410 560 2444 hominum
592 2410 747 2444 habilium
776 2422 836 2456 pro
867 2410 1043 2454 religione,
1073 2409 1159 2454 quod
1189 2408 1274 2442 infra
1303 2408 1333 2441 id
1364 2407 1512 2452 quartale
1542 2409 1618 2439 anni
1646 2405 1829 2451 predictum
1851 2408 1953 2437 ante-

90 2471 195 2505 dictus
225 2482 382 2504 numerus
411 2482 631 2516 personarum
661 2471 845 2504 debitarum
876 2470 1021 2516 suppleri
1050 2481 1116 2503 non
1145 2473 1269 2515 posset.
1301 2473 1354 2501 aut
1384 2471 1411 2501 si
1440 2471 1528 2500 tanta
1550 2469 1683 2499 caristia
1713 2465 1950 2498 invalesceret.

91 2531 144 2565 vel
174 2542 233 2576 per
261 2542 402 2575 guerras
432 2535 485 2564 aut
515 2542 713 2575 guerrarum
745 2530 904 2564 (listurbia
934 2530 1019 2564 bona
1050 2532 1243 2563 monasterii
1273 2528 1505 2562 desolarentur
1529 2527 1585 2560 vel
1614 2529 1875 2559 attenuarentur.
1897 2528 1952 2557 aut

91 2591 152 2624 alia
182 2590 394 2624 racionabilis
423 2602 522 2624 causa
558 2594 790 2625 interveniret.
820 2596 957 2637 propter
986 2602 1082 2636 quam
1112 2590 1199 2623 idem
1237 2599 1394 2622 numerus
1423 2598 1642 2633 personarum
1680 2585 1764 2619 inl'ra
1804 2587 1951 2630 spacium

90 2651 274 2697 predictum
303 2662 369 2684 non
398 2656 510 2696 posset
540 2655 762 2696 reintegrari·3
801 2663 844 2685 ex
873 2656 950 2684 tunc
980 2651 1029 2684 his
1059 2653 1168 2684 causis
1197 2660 1311 2683 coram
1350 2647 1535 2682 honorabili
1565 2647 1707 2692 capitulo
1738 2645 1953 2679 Olomucensi

1746 2712 1778 2737 39
