2336 3074
997 208 1069 242 385

99 314 223 346 riorum
252 315 468 357 pragensium
498 313 673 349 usualium.
704 316 865 346 moravici
895 317 1023 347 numeri
1054 318 1085 347 et
1105 317 1307 359 paganicnti,
1339 317 1410 348 veri
1440 318 1590 360 perpetui
1620 320 1651 349 et
1680 318 1778 349 annui
1807 317 1865 350 sed
1887 317 1965 351 uudi

98 383 219 406 census
248 383 309 418 pro
330 376 448 417 viginti
478 376 621 418 quinque
643 376 764 407 marcis
784 384 981 418 grossorum
1003 375 1186 408 eorundem
1208 375 1420 408 denariorum
1442 375 1537 409 nobis
1566 379 1630 409 iam
1656 381 1731 410 actu
1759 377 1966 421 integraliter

100 436 282 466 numeratis
313 434 440 467 traditis
470 438 500 467 et
531 434 645 467 solutis
676 445 714 467 ac
744 437 775 467 iu
805 445 875 467 rem
905 439 1051 468 nostram
1083 435 1194 469 utilem
1223 438 1344 475 101515,
1376 435 1545 469 habendas
1575 436 1736 471 tollendas
1770 437 1966 483 apprehen—

98 492 223 526 dendas
253 504 352 538 supra
382 496 551 527 civitatem
581 498 728 527 nostram
759 493 986 540 Chrompuaw
1016 500 1070 528 aut
1099 506 1202 540 penes
1232 498 1335 540 ipsam
1367 498 1397 529 111
1428 496 1579 529 distantia
1609 497 1749 530 duorum
1787 498 1962 531 miliarium

99 554 131 586 in
164 552 258 586 bonis
297 564 382 598 eque
420 557 520 587 certis
558 558 713 599 respectu
743 554 827 587 illius
868 557 971 587 tertiae
1008 555 1148 588 dimidiae
1191 566 1312 589 marcze
1340 556 1426 589 utilis
1456 560 1488 589 et
1516 559 1625 602 quiete
1663 568 1723 602 per
1755 559 1902 601 judicem
1933 563 1964 592 et

97 612 253 646 scabinos
274 616 375 659 ipsius
396 617 551 657 civitatis,
581 617 635 659 qui
665 625 724 659 pro
755 620 905 660 tempore
935 614 1068 659 fueruit5
1099 618 1193 649 11111115
1223 616 1361 660 singulis
1386 617 1441 649 vel
1471 621 1534 649 tam
1557 617 1610 650 diu
1640 629 1812 663 quousque
1841 630 1962 652 census

96 673 136 706 ad
166 673 274 707 locum
304 674 401 707 alium
431 679 717 720 transponeretur.
747 679 780 708 ut
810 674 996 720 praefertur7
1028 679 1058 709 in
1089 675 1216 709 duobus
1245 678 1395 709 terminis
1421 677 1577 710 videlicet
1605 680 1637 711 in
1659 677 1796 723 Georgii
1818 681 1962 724 quinque

98 732 247 767 fertones
276 738 307 767 et
335 737 366 767 iu
395 734 571 768 Michaelis
600 739 789 768 sauctorum
821 735 914 768 festis
943 735 1093 769 similiter
1122 738 1265 781 quinque
1295 736 1443 770 fertones
1473 737 1599 770 eisdem
1629 738 1786 773 fratribus
1815 744 1845 772 et
1873 751 1961 773 con-

96 796 208 827 ventui
238 794 436 840 supradictis
466 795 520 828 vel
549 795 620 828 aliis
650 800 832 841 pru-sentes
861 795 987 829 litteras
1025 795 1223 829 habentibus
1261 797 1472 830 ceusuaudos
1502 801 1572 831 sine
1603 798 1829 832 111111111111110110
1863 800 1960 845 plene

95 858 128 888 et
155 857 286 898 integre
315 866 354 888 ac
383 858 518 888 omuino
553 855 658 889 libere
692 856 915 901 porrigendos
953 855 1097 901 qualibet
1134 859 1206 890 sine
1244 857 1518 891 contradictione.
1576 857 1670 899 Quod
1701 862 1726 892 si
1764 870 1961 906 quocunque

94 924 181 948 anno
211 914 266 948 vel
295 917 446 960 quotiens
479 915 564 948 idem
586 927 707 949 census
736 919 768 949 iu
797 918 864 950 suis
885 919 1033 950 terminis
1061 916 1116 950 vel
1144 928 1258 950 eorum
1281 917 1385 950 altero
1415 918 1588 951 insolidum
1619 922 1745 964 porrigi
1766 920 1960 959 morabitur„

94 979 149 1008 aut
186 977 304 1020 quavis
342 978 587 1009 interveniente
625 987 726 1009 causa
764 988 823 1010 seu
858 977 1064 1022 negligentia
1100 976 1273 1021 defecerit,
1312 989 1390 1011 mox
1424 979 1529 1022 judex
1569 984 1599 1012 et
1638 991 1722 1013 uuus
1764 992 1807 1014 ex
1842 982 1961 1024 juratis

95 1037 255 1079 magister
283 1037 418 1078 civium,
449 1038 503 1080 qui
532 1047 606 1069 011111
645 1048 661 1069 11
693 1036 786 1069 dictis
816 1036 973 1070 fratribus
1011 1040 1204 1071 monasterii
1234 1038 1413 1083 supradicti
1446 1039 1501 1072 vel
1538 1038 1578 1072 ab
1616 1040 1687 1073 aliis
1726 1041 1959 1081 mouebuntur,

93 1097 202 1140 quivis
231 1106 305 1128 011111
334 1106 400 1129 11110
430 1096 554 1129 famulo
584 1101 615 1129 et
645 1096 773 1130 duobus
803 1100 896 1142 equis
927 1102 1121 1131 consuetum
1161 1098 1348 1143 obstagium
1384 1110 1504 1132 verum
1534 1104 1564 1133 et
1595 1100 1725 1133 solitum
1764 1103 1795 1134 iu
1825 1104 1959 1135 civitate

91 1154 204 1188 Bruna
234 1158 264 1188 iu
295 1155 392 1189 domo
422 1155 575 1199 honesta,
613 1160 692 1202 ipsis
727 1168 788 1202 per
817 1158 922 1191 dictos
958 1162 1126 1202 emptores
1164 1169 1285 1191 census
1315 1158 1480 1204 deputata,
1510 1160 1712 1205 praestahuut
1750 1164 1957 1197 intemerate.

91 1215 175 1248 alter
203 1215 338 1249 alterius
367 1215 550 1250 absentiam
581 1228 647 1251 nou
676 1217 898 1263 praetendeus.
930 1217 1003 1258 Quo
1035 1217 1188 1263 obstagio
1218 1220 1469 1263 quatuordecim
1499 1219 1614 1254 diebus
1643 1232 1660 1253 a
1691 1221 1743 1254 die
1769 1225 1958 1256 monitionis

91 1275 238 1309 eiusdem
267 1279 431 1322 proximis
460 1280 598 1322 prestito
627 1277 683 1311 vel
711 1288 778 1311 non
806 1281 944 1323 prestito
971 1278 1058 1311 dicto
1088 1289 1191 1312 censu
1219 1280 1387 1324 neglecto.
1418 1291 1478 1325 per
1507 1281 1611 1314 dictos
1641 1283 1734 1314 cives
1764 1287 1896 1316 nostros
1926 1286 1957 1316 in

91 1334 320 1381 Chrompnaw
346 1347 412 1370 non
442 1337 517 1370 dum
548 1337 668 1381 soluto,
698 1348 779 1371 mox
807 1338 894 1371 idem
924 1349 984 1383 pro
1015 1343 1166 1384 tempore
1203 1339 1378 1384 neglectus
1410 1351 1531 1374 census
1559 1343 1592 1374 in
1620 1346 1733 1375 nostra
1764 1332 1795 1375 et
1834 1346 1956 1377 civium

90 1400 123 1430 et
154 1397 343 1440 juratorum
378 1401 569 1430 nostrorum
613 1397 653 1431 de
697 1397 925 1443 Chrompnaw
960 1402 992 1432 in
1030 1399 1168 1433 solidum
1212 1399 1352 1446 dampna
1395 1403 1576 1446 recipiatur
1616 1404 1702 1435 inter
1740 1403 1861 1446 judeos
1899 1404 1955 1437 vel

89 1456 290 1490 christianos
319 1462 434 1491 nostro
464 1462 496 1491 et
524 1457 692 1491 haereduui
722 1462 913 1492 nostrorum
942 1459 1091 1504 periculo
1121 1462 1192 1493 sine
1222 1459 1377 1493 dilatione
1407 1461 1551 1506 qualibet
1581 1463 1758 1496 sartieuda.
1790 1462 1830 1496 Et
1859 1463 1952 1498 nihi-

88 1517 230 1551 lominus
260 1517 381 1551 dictum
411 1517 487 1551 illud
517 1517 708 1551 servabitur
745 1518 933 1563 obstagium
964 1520 1099 1563 tamdiu,
1138 1520 1245 1553 donec
1275 1524 1467 1555 memoratis
1505 1521 1662 1556 fratribus
1697 1523 1752 1557 vel
1782 1527 1832 1557 0111
1868 1525 1952 1558 idem

89 1588 210 1610 census
240 1580 396 1623 competit
425 1581 496 1623 ipse
525 1577 699 1622 neglectus
729 1582 760 1611 et
789 1581 875 1612 inter
899 1579 1021 1623 judeos
1051 1585 1104 1613 aut
1134 1580 1334 1614 christianos
1355 1586 1511 1627 receptus
1540 1593 1660 1616 census
1690 1595 1763 1616 011111
1794 1588 1902 1618 11511115
1923 1590 1955 1617 et

88 1637 238 1684 dampnis
259 1637 397 1682 singulis
427 1642 458 1671 et
487 1641 654 1672 universis
675 1639 896 1683 quovismodo
926 1640 1048 1673 exinde
1076 1640 1267 1675 notabiliter
1287 1645 1467 1675 contractis
1497 1647 1528 1676 et
1557 1643 1803 1678 demonstratis.
1834 1656 1872 1678 ac
1894 1657 1954 1679 suo

88 1697 234 1743 quolibet
263 1701 428 1731 interesse
457 1701 589 1743 integre
618 1703 649 1732 et
678 1699 776 1744 plene
804 1710 865 1745 per
893 1711 955 1734 nos
984 1701 1039 1734 vel
1067 1712 1128 1746 per
1162 1704 1255 1735 cives
1284 1706 1417 1736 nostros
1446 1703 1622 1748 praedictos
1650 1710 1826 1749 porrectus
1856 1705 1955 1739 fuerit

88 1762 119 1792 et
147 1758 336 1804 persolutus
357 1761 429 1792 sine
458 1761 490 1791 111
519 1762 723 1792 contrarium
744 1762 875 1793 actione
896 1764 1057 1794 canonica
1078 1761 1133 1794 vel
1162 1761 1272 1803 civilig
1301 1762 1394 1795 salva
1425 1766 1472 1796 eis
1494 1766 1590 1796 etiam
1620 1769 1784 1809 potestate
1804 1765 1952 1809 judicem

87 1822 119 1851 et
151 1819 281 1862 juratos
318 1818 373 1852 vel
411 1818 573 1863 quoslibet
613 1819 695 1853 alios
734 1819 828 1853 1110111ἱ
863 1825 984 1854 11051110
1019 1824 1162 1854 civitatis
1200 1821 1352 1856 homines
1390 1825 1421 1856 in
1451 1823 1551 1857 rebus
1581 1828 1613 1857 et
1638 1828 1793 1870 personis
1832 1825 1953 1871 ubique

85 1877 235 1912 locorum
265 1889 407 1924 prensos
437 1882 633 1912 auctoritate
662 1882 795 1925 propria
825 1880 877 1913 vel
899 1884 1018 1926 quavis
1047 1882 1153 1915 aliena
1181 1883 1378 1926 arrestandi‚
1409 1884 1593 1930 occupandi
1623 1889 1655 1918 et
1683 1887 1952 1931 impingnorandi

86 1949 192 1984 usque
221 1939 453 1984 praedictorum
483 1939 756 1973 satisfactionem.
812 1939 883 1973 Nos
918 1943 1029 1986 itaque
1057 1940 1215 1975 Nicolaus
1249 1943 1355 1987 judex
1385 1943 1600 1990 Geywtczer,
1634 1945 1825 1980 Fridericus
1856 1947 1952 1981 Knott

86 2001 247 2043 magister
275 2001 396 2032 civium
428 2002 598 2044 ceterique
620 1999 775 2033 consules
805 2004 836 2033 et
860 2001 962 2044 jurati
991 2012 1050 2046 pro
1080 2006 1156 2035 tunc
1178 2005 1321 2036 civitatis
1351 2002 1581 2050 Chrumpnaw
1609 2010 1673 2039 tam
1705 2009 1828 2052 antiqui
1854 2019 1949 2052 quam

87 2059 238 2092 moderni
267 2059 305 2092 ad
345 2059 534 2093 mandatum
563 2059 686 2093 domiui
722 2062 827 2093 nostri
866 2064 1024 2105 generosi
1054 2061 1206 2096 Benessii
1240 2064 1386 2108 praedicti
1425 2069 1542 2099 tenore
1570 2071 1783 2111 praesentium
1818 2071 1950 2101 nomine

85 2124 200 2153 nostro
229 2123 261 2153 et
289 2122 434 2153 omnium
465 2131 699 2153 successorum
720 2125 910 2154 nostrorum
931 2125 1053 2154 nostrae
1081 2125 1225 2156 civitatis
1246 2122 1451 2170 Crumpnaw
1471 2129 1683 2171 praesentium
1704 2131 1736 2160 et
1765 2126 1948 2160 futurorum

85 2182 217 2212 sincere
247 2179 307 2213 sub
336 2179 411 2213 fidei
439 2185 563 2213 nostra>
591 2183 733 2225 puritate
761 2183 982 2226 promittimus
1022 2186 1054 2214 et
1091 2183 1295 2228 spondemus
1323 2185 1490 2230 praedictis
1519 2186 1676 2220 fratribus
1706 2192 1737 2220 et
1766 2191 1947 2221 conventui

86 2239 251 2285 praedictae
279 2242 422 2273 civitatis
452 2240 577 2273 ordinis
597 2240 788 2285 supradicti„
818 2241 1010 2286 praedictum
1033 2253 1169 2276 censum
1199 2245 1338 2289 singulis
1358 2249 1452 2279 annis
1482 2249 1514 2280 in
1543 2250 1692 2281 terminis
1712 2251 1946 2294 suprascriptis

84 2302 229 2333 servatis
259 2303 368 2333 tamen
398 2300 544 2334 articulis
573 2300 762 2346 praehabitis
791 2300 925 2334 tradere
954 2306 985 2335 et
1014 2305 1189 2347 assignare
1218 2307 1328 2338 omnia
1357 2310 1389 2339 et
1418 2307 1548 2351 singula
1578 2308 1722 2341 antefata
1756 2314 1886 2353 gratum
1917 2314 1947 2342 et

84 2364 190 2393 ratum
220 2363 348 2392 tenere.
404 2359 440 2394 In
470 2363 563 2394 cuius
600 2363 648 2394 rei
683 2363 906 2394 testimonium
945 2362 1087 2406 sigillum
1116 2368 1267 2398 nostrum
1296 2376 1359 2398 una
1389 2377 1462 2400 cuin
1492 2368 1601 2411 sigillo
1630 2369 1796 2413 praedictae
1824 2374 1946 2403 nostrae

84 2422 227 2453 civitatis
265 2418 493 2465 Chrompnaw
531 2421 572 2454 de
610 2425 701 2454 certa
739 2425 852 2454 nostra
889 2432 929 2454 ac
964 2424 1087 2455 civium
1124 2428 1315 2458 nostrorum
1353 2429 1490 2460 scientia
1534 2428 1752 2473 praesentibus
1795 2430 1947 2463 duximus

83 2479 312 2525 appendenda.
343 2479 465 2513 Actum
495 2491 582 2514 anno
612 2481 735 2514 domini
764 2481 938 2514 millesimo
967 2485 1203 2516 trecentesimo
1224 2488 1454 2529 octuagesimo
1475 2491 1627 2533 septimo„
1656 2491 1689 2522 in
1719 2489 1771 2522 die
1796 2493 1947 2535 corporis

85 2538 218 2573 Christi.

397 2618 502 2652 (Kopie
527 2619 563 2644 im
589 2620 674 2644 Arci..
702 2620 750 2644 des
775 2619 873 2645 Stiftes
898 2619 924 2646 S,
951 2620 1085 2647 Thomas.
1113 2621 1143 2645 F.
1170 2623 1217 2647 36.
1243 2632 1268 2647 11.
1296 2620 1383 2661 624.)

1738 2738 1752 2762 4
1757 2739 1771 2761 ξ’
