2336 3074
102 320 268 366 predictas
298 320 434 354 solvere
463 320 727 366 neglexerimus,
757 321 844 366 quod
865 321 961 365 absit,
992 332 1035 355 ex
1064 326 1139 355 tunc
1170 327 1368 368 quicumque
1393 322 1608 358 fideiussores
1638 335 1682 358 ex
1710 323 1817 367 nobis,
1848 335 1964 357 omnes

101 381 229 415 scilicet
258 383 459 415 coniunctim
488 385 543 414 aut
571 381 715 424 divisim,
755 392 816 427 per
845 382 986 415 eundem
1025 381 1193 416 dominum
1223 382 1420 429 Procopium
1460 383 1687 418 marchionem
1718 384 1882 431 prefatum
1911 389 1964 418 3111

101 452 179 475 51105
209 440 353 475 heredes
382 444 496 475 moniti
526 441 699 486 fuerimus,
738 442 874 487 quilibet
908 453 968 488 per
1006 445 1233 488 interpositam
1271 454 1449 489 personam
1484 444 1657 478 honestam
1689 445 1836 479 militaris
1875 456 1964 479 con-

102 502 242 536 dicionis
271 513 344 535 cum
374 512 439 535 uno
469 501 592 535 famulo
623 507 655 536 et
683 502 812 537 duobus
833 505 926 548 equis
956 502 1142 547 obstagium
1173 503 1316 537 debitum
1347 508 1379 537 et
1411 509 1606 539 consuetum
1636 508 1667 539 in
1689 508 1822 539 civitate
1848 508 1965 540 maiori

102 561 263 607 pragensi
292 567 323 595 et
352 562 450 596 domo
480 562 612 596 honesti
642 562 779 609 hospitis
807 562 903 597 nobis
932 563 971 596 ad
1001 562 1065 596 hoc
1085 563 1239 609 deputata
1269 567 1489 610 promittimus
1510 569 1542 599 et
1571 570 1723 599 tenemur
1751 569 1858 600 statim
1882 577 1964 600 unus

101 622 199 656 alium
220 633 285 656 non
307 622 517 669 expectando
538 625 643 657 tocies
663 622 863 666 subintrare,
885 626 1021 669 quocies
1042 623 1209 669 predictas
1225 628 1383 670 pecunias
1404 628 1434 659 in
1455 628 1523 659 suis
1544 629 1692 661 terminis
1713 627 1964 672 neglexerimus

101 686 286 728 assignare.
309 682 382 724 Quo
399 682 531 728 quidem
549 682 702 728 obstagio
719 686 856 729 prestito
871 683 927 717 vel
946 694 1012 716 non
1029 687 1168 729 prestito
1189 684 1366 719 dummodo
1383 686 1634 730 quatuordecim
1655 687 1725 721 dies
1741 699 1758 721 a
1776 691 1963 722 monicione

101 743 196 777 nohis
216 743 302 777 facta
321 743 423 789 elapsi
445 743 568 777 fuerint
583 748 615 778 et
634 744 687 778 ille
703 746 856 790 pecunie,
878 754 959 789 quas
979 743 1114 778 solvere
1131 755 1190 790 pro
1207 756 1272 778 11110
1294 745 1349 779 vel
1364 745 1510 791 pluribus
1532 750 1680 781 terminis
1700 748 1964 793 neglexerimus„

100 804 209 838 adhuc
237 815 303 838 non
333 803 455 838 fuerint
483 804 664 850 persolute,
708 816 752 838 ex
780 809 857 839 tunc
886 808 1090 838 memoratus
1119 804 1271 839 dominus
1300 805 1482 851 Procopius
1512 811 1567 840 aut
1591 810 1640 841 5111
1670 807 1813 842 1101οό05
1843 808 1964 843 (10110111

99 864 225 898 11311010
253 864 385 910 plenam
419 869 618 910 potestatem
655 865 790 899 easdem
829 868 988 911 pecunias
1025 865 1198 909 neglectas
1236 866 1419 912 recipiendi
1457 869 1543 900 iuter
1569 867 1690 912 judeos
1720 873 1752 902 et
1788 872 1965 904 cristianos

100 929 211 959 nostra
241 927 386 959 omnium
416 936 518 971 super
546 925 698 971 dampna.
755 924 797 959 Et
824 925 1057 959 nichilominus
1087 925 1162 959 illud
1193 925 1381 971 obstagium
1411 927 1595 973 predictum
1624 928 1731 962 adhuc
1770 933 1965 964 continuare

100 984 272 1029 dehemus,
303 990 368 1019 tam
388 996 448 1031 per
475 988 601 1032 primos
621 985 836 1030 obstagiales,
867 997 964 1031 quam
992 996 1053 1031 per
1072 985 1219 1031 reliquos
1249 990 1280 1020 et
1306 986 1400 1027 31105,
1430 990 1457 1021 51
1486 990 1605 1021 iterum
1622 999 1682 1034 pro
1703 1000 1768 1023 non
1792 990 1964 1024 solucione

102 1048 317 1092 pecuniarum
346 1049 378 1080 in
407 1046 516 1092 aliquo
538 1049 678 1080 termino
699 1046 737 1080 ad
758 1046 942 1092 predictum
964 1045 1150 1090 obstagium
1180 1046 1406 1092 superaddere
1435 1052 1468 1081 et
1496 1050 1666 1082 remittere
1687 1060 1748 1083 1105
1769 1053 1958 1095 contigerit,

101 1106 223 1140 tamdiu
252 1106 360 1140 donec
390 1106 430 1140 de
459 1107 585 1140 eisdem
614 1109 764 1152 pecuniis
793 1109 825 1140 111
846 1106 1108 1152 quibuscumque
1136 1109 1286 1141 terminis
1315 1107 1478 1153 neglectis
1499 1113 1531 1142 et
1559 1120 1625 1143 non
1655 1110 1769 1144 solutis
1799 1122 1861 1144 11113
1889 1123 1962 1145 011111

101 1166 252 1201 omnibus
282 1171 314 1201 et
342 1167 481 1212 singulis
519 1167 669 1213 dampnis
699 1167 844 1213 desuper
871 1170 993 1200 acretis
1031 1169 1136 1200 eciam
1166 1169 1194 1201 si
1222 1178 1286 1213 que
1323 1179 1383 1214 per
1411 1171 1572 1203 nunccios
1600 1174 1656 1203 aut
1684 1173 1790 1204 raisas
1824 1171 1963 1217 proinde

100 1226 253 1261 faciendo
282 1230 506 1274 perceperint,
545 1239 608 1273 que
637 1232 747 1261 tamen
776 1227 1023 1261 racionabiliter
1050 1230 1194 1273 poterint
1222 1227 1379 1271 deiurari,
1418 1239 1478 1275 per
1505 1240 1566 1264 nos
1601 1230 1766 1265 antedicto
1797 1230 1960 1278 Procopio

101 1292 156 1322 aut
183 1291 251 1322 suis
279 1287 459 1322 heredibus
478 1288 576 1334 plene
605 1287 705 1322 fuerit
733 1287 950 1321 satisfactum.
982 1287 1017 1321 Si
1046 1292 1156 1322 autem
1185 1287 1302 1322 eedem
1331 1292 1473 1334 pecunie
1500 1301 1562 1336 pro
1583 1301 1793 1337 quocumque
1822 1295 1963 1327 termino

99 1349 256 1394 neglecte
284 1359 350 1383 non
379 1353 516 1394 possent
552 1351 638 1382 inter
670 1348 792 1392 judeos
821 1352 876 1381 aut
912 1350 1088 1382 cristianos
1116 1359 1217 1394 super
1254 1348 1395 1395 dampna
1424 1353 1587 1396 conquiri,
1616 1355 1651 1385 ut
1679 1356 1729 1386 est
1764 1355 1962 1398 premissum

101 1413 133 1443 et
160 1420 178 1443 a
207 1413 359 1455 tempore
388 1409 576 1444 huiusmodi
613 1420 680 1443 non
718 1408 898 1443 solucionis
937 1411 1173 1454 cuiuscumque
1211 1412 1342 1443 termini
1379 1410 1520 1455 predicti
1548 1422 1650 1457 super
1678 1414 1766 1457 ipsas
1803 1416 1962 1459 pecunias

100 1470 273 1516 neglectas
311 1474 365 1504 aut
402 1473 578 1516 pauciores
616 1474 771 1503 crescent
809 1469 890 1503 alias
926 1469 1078 1514 dampna,
1116 1480 1176 1514 pro
1214 1469 1340 1503 eisdem
1379 1472 1483 1504 eciam
1522 1471 1770 1506 racionabiliter
1805 1473 1963 1508 deiuratis

103 1530 300 1565 satisfacere
321 1530 484 1565 debemus
504 1535 537 1564 et
556 1535 709 1564 tenemur
737 1529 797 1564 sub
819 1529 972 1574 obstagio
1002 1533 1199 1563 memorato.
1231 1529 1267 1563 Si
1287 1534 1396 1564 autem
1417 1542 1462 1564 ex
1490 1531 1586 1566 nobis
1606 1535 1759 1578 superius
1785 1536 1961 1568 nominatis

101 1590 352 1625 fideiussoribus
380 1591 522 1636 aliquem
551 1590 662 1624 medio
691 1595 841 1636 tempore
871 1589 1037 1624 decedere
1066 1592 1257 1634 contigerit,
1287 1601 1330 1624 ex
1359 1594 1436 1624 tunc
1465 1591 1550 1625 infra
1580 1593 1729 1637 quartale
1758 1596 1853 1627 unius
1888 1597 1963 1628 anui

101 1663 118 1685 3
147 1654 336 1686 monicione
365 1651 460 1686 nobis
489 1662 589 1697 super
618 1662 658 1685 eo
696 1651 782 1684 facta
812 1654 1048 1696 computatum,
1087 1650 1184 1684 alium
1222 1649 1453 1685 fideiussorem
1483 1653 1689 1688 condicionis
1718 1655 1898 1689 consimilis
1932 1658 1963 1689 in

101 1712 209 1746 locum
240 1712 387 1746 eiusdem
418 1711 564 1746 defuncti
593 1716 744 1745 tenemur
773 1715 932 1754 statuere,
962 1714 995 1744 et
1023 1714 1214 1756 presentem
1243 1711 1372 1745 literam
1402 1711 1462 1746 sub
1491 1713 1610 1747 eodem
1640 1718 1757 1748 tenore
1786 1718 1961 1753 innovare,

101 1773 142 1807 de
171 1784 234 1818 qua
263 1777 295 1806 et
315 1775 419 1806 eciam
441 1772 504 1806 alio
534 1771 731 1805 fideiussore
751 1771 926 1805 substituto
956 1773 998 1805 ita
1027 1770 1232 1804 sufficienter
1261 1771 1366 1806 dictus
1387 1772 1538 1807 dominus
1559 1772 1741 1820 Procopius
1762 1779 1793 1808 et
1819 1775 1962 1810 heredes

100 1836 150 1868 sui
178 1838 318 1880 possent
354 1836 539 1867 caucionati
574 1837 605 1866 et
633 1835 714 1867 certi
753 1832 836 1876 fieri,
875 1836 908 1866 ut
935 1835 1094 1878 presenti,
1133 1836 1163 1866 et
1199 1831 1265 1866 hoc
1299 1832 1359 1866 sub
1388 1844 1473 1879 pena
1511 1833 1654 1879 obstagii
1691 1835 1883 1881 supradicti,
1921 1837 1961 1870 ad

101 1894 188 1940 quod
217 1897 243 1928 si
273 1893 348 1928 illud
371 1905 436 1927 non
465 1893 645 1927 fecerimus
673 1904 734 1927 nos
755 1892 940 1938 obligamus
969 1904 1009 1926 eo
1038 1893 1137 1926 modo
1165 1897 1198 1926 ut
1228 1892 1406 1939 prefertur.
1437 1893 1484 1928 Ita
1513 1898 1636 1939 tamen,
1667 1896 1752 1941 quod
1783 1899 1815 1930 in
1835 1896 1960 1930 eisdem

100 1955 204 1989 literis
233 1954 432 1988 innovandis
462 1958 508 1987 tot
537 1958 659 1996 castra,
689 1965 753 1999 que
782 1953 929 1999 prefatus
959 1953 1110 1987 dominus
1130 1952 1313 1999 Procopius
1341 1954 1381 1987 ad
1411 1954 1664 1989 conducendum
1694 1960 1852 2002 pecunias
1877 1969 1961 2003 pre-

101 2014 204 2049 dictas
233 2025 293 2061 pro
322 2026 381 2048 sua
410 2014 582 2048 voluntate
611 2014 744 2048 duxerit
772 2013 938 2058 eligenda,
977 2013 1193 2047 consimiliter
1230 2013 1290 2048 sub
1319 2018 1407 2048 tanta
1437 2015 1596 2049 distancIa
1626 2019 1658 2050 in
1691 2021 1779 2050 terra
1807 2017 1961 2051 Moravie

101 2078 341 2122 exprimantur.
398 2074 553 2109 Ceterum
583 2077 781 2120 quicumque
815 2078 1006 2120 presentem
1044 2074 1171 2108 literam
1209 2086 1283 2109 011111
1318 2074 1404 2109 110113
1443 2076 1613 2110 voluntate
1651 2078 1800 2111 eiusdem
1839 2078 1961 2112 domini

103 2135 254 2182 Procopii
282 2135 434 2170 habuerit
462 2139 527 2169 tam
557 2138 589 2168 in
618 2137 686 2168 vita
715 2145 812 2180 quam
840 2138 915 2180 post
943 2138 1084 2168 mortem
1121 2137 1223 2180 ipsius
1253 2135 1375 2169 domini
1403 2135 1569 2182 Procopii,
1608 2137 1716 2171 eidem
1745 2138 1876 2183 plenum
1911 2141 1960 2172 ius

101 2200 257 2242 competit
299 2199 444 2230 omnium
486 2199 518 2229 in
560 2197 708 2242 presenti
748 2195 843 2228 litera
886 2198 1116 2228 contentorum
1159 2198 1241 2229 sicut
1278 2195 1409 2241 prefato
1453 2196 1585 2230 domiuo
1624 2196 1787 2244 Procopio
1830 2198 1961 2232 videtur

101 2261 293 2303 competere
321 2260 352 2291 111
382 2259 566 2303 premissis.
596 2256 811 2290 Presencium
840 2254 899 2289 sub
925 2257 1046 2288 nostris
1075 2258 1231 2300 appensis
1260 2256 1376 2300 sigillis
1406 2259 1596 2290 testimonio
1625 2257 1808 2292 literarum.
1839 2259 1958 2292 Datum

102 2321 131 2352 in
162 2317 345 2352 Olomuncz
374 2319 538 2352 dominica
568 2319 720 2363 proxima
749 2320 823 2362 post
852 2315 1062 2362 epiphaniam
1091 2315 1226 2359 domini,
1257 2327 1342 2349 anuo
1372 2316 1493 2350 domini
1521 2317 1694 2352 millesimo
1724 2322 1959 2353 trecentesimo

101 2381 331 2423 octuagesimo
360 2388 459 2412 nono.

412 2456 501 2490 (Orig.
531 2456 613 2489 Perg.
646 2456 678 2480 21
717 2464 752 2479 an
788 2453 1075 2488 Pergamentstreifen
1107 2454 1133 2478 li.
1170 2453 1237 2487 sig„
1269 2462 1369 2479 wovon
1394 2455 1445 2480 (135
1481 2455 1576 2481 beider
1607 2457 1791 2491 Markgrafen
1823 2458 1880 2483 und
1912 2458 1960 2483 des

512 2507 600 2533 Jesek
617 2507 711 2532 Ptiska
736 2507 772 2531 im
790 2506 900 2532 rothen.
926 2505 969 2531 die
995 2505 1117 2530 anderen
1143 2505 1179 2530 im
1205 2505 1321 2531 weissen
1336 2506 1470 2538 XVachse,
1495 2507 1523 2531 in
1547 2507 1600 2532 (1011
1618 2508 1842 2535 :iltstiindischen
1865 2510 1959 2534 Akte-,1

513 2559 561 2585 des
586 2559 674 2584 11111111.
700 2557 972 2591 Landcsarehives.)
