2336 3074
1283 214 1356 248 2:3¹2

1267 319 1375 354 259.

395 423 463 455 lm·
494 422 670 454 lili-roser
703 420 822 453 l'rolex!
852 421 990 454 doleam!
1031 423 1241 457 etilsehchle!
1279 424 1341 457 dci}
1373 424 1483 457 Str-eit
1522 424 1688 457 zwiselwu
1726 424 1862 458 Joleama
1904 436 1965 458 con
2004 425 2149 459 Mezire'e
2185 426 2252 459 mid

675 481 814 515 ll'cnz-el
845 482 932 517 ΙῖυιΙ.
964 483 1109 528 l'sarrer
1139 486 1170 517 ιή
1204 484 1358 518 ,ΙΙυείῘ-ῖύ.
1394 484 1448 518 Ῑ)Ι.
1481 485 1626 518 illesis-ic·
1660 484 1714 519 15.
1746 485 1830 518 Jum'
1860 484 1968 520 1382.

543 558 629 611 Ros
644 579 815 612 Joliauues
833 582 1054 613 miseracione
1071 581 1180 613 diviua
1195 583 1381 626 prepositus
1399 584 1589 614 monasterii
1607 581 1836 615 Sderasiensis
1854 584 1884 615 in
1904 581 2022 627 l‘ragm
2035 582 2246 616 decretorum

388 640 503 672 doctor
541 640 780 673 cruciferorum
816 644 1021 674 sacrosancti
1058 641 1226 686 sepulchri
1257 641 1410 674 dominici
1440 641 1712 679 Jerosolimitani,
1742 641 1867 675 arbiter
1905 646 1937 675 et
1973 642 2151 677 arbitrator
2188 654 2247 677 scu

386 699 567 733 amicabilis
596 703 800 745 compositor
829 700 869 733 ab
900 700 1148 735 honorabilibus
1178 705 1259 736 viris
1289 702 1429 735 dominis
1456 701 1610 735 Johaune
1640 702 1680 735 dc
1708 701 1898 739 Mczirzicz,
1930 702 2055 736 barone.
2083 702 2248 745 Moravie,

386 772 424 793 ac
460 760 665 793 Wenccslao
704 760 790 793 dicto
822 760 906 797 Rod.
945 762 1086 808 plebano
1116 762 1235 796 ibidem
1275 765 1304 795 in
1343 761 1533 805 Mezirzicz,
1563 762 1797 796 (⁷)lomucensis
1833 762 1988 801 diocesis,
2028 766 2249 797 communiter

386 821 510 854 electus
541 825 657 853 tenore
678 824 887 866 presencium
918 826 1194 867 recognoscimus
1215 827 1247 856 et
1277 822 1429 858 l'atemur.
1460 822 1545 867 quod
1568 825 1712 868 receptis
1742 822 2037 857 informacionilms
2058 834 2075 856 a
2102 823 2249 870 partibus

386 884 463 926 ipsis
502 881 606 915 bonis.
645 892 683 914 ae
719 884 800 915 visis
837 882 941 916 literis
977 888 1009 917 et
1048 886 1257 917 immimentis
1294 883 1369 916 binc
1406 882 1493 918 inde.
1531 882 1616 916 bona
1655 882 1901 916 deliberacione
1940 886 2054 929 previa
2090 896 2128 918 ac
2166 895 2248 918 sano

385 952 484 987 super
522 941 572 975 liis
605 942 744 975 consilio
783 942 893 976 habito
930 946 959 977 iu
990 947 1165 989 presencia
1197 947 1342 990 ipsarum
1381 946 1529 989 parcium
1559 943 1679 976 ibidem
1710 946 1892 977 astancium
1932 947 2247 989 pronuncciavimus

385 1014 443 1048 per
472 1005 580 1036 onmia
611 1006 641 1036 in
672 1002 757 1036 bunc
788 1004 931 1037 modum.
981 1004 1015 1038 ln
1046 1008 1159 1050 primis
1189 1005 1349 1050 siquidem
1381 1007 1451 1050 ipse
1480 1004 1631 1037 dominus
1659 1003 1831 1037 Jobauues
1870 1004 1910 1037 de
1938 1004 2130 1048 Moza-zie&
2166 1004 2247 1039 baro

384 1062 536 1096 Moravie
571 1063 752 1109 predictus,
782 1064 922 1097 mediam
953 1064 1089 1098 bernam
1128 1077 1187 1099 seu
1217 1068 1351 1099 steiram
1381 1064 1421 1098 ab
1451 1064 1638 1098 hominibus
1674 1064 1818 1098 ecclesie
1847 1064 1966 1099 ibidem
1998 1068 2029 1099 in
2057 1065 2247 1109 Mczirzicz‚

383 1126 543 1168 quociens
572 1127 676 1170 ipsam
697 1123 834 1158 bernam
864 1128 1033 1170 continget
1055 1137 1130 1159 esse
1159 1125 1366 1169 generalem.
1389 1125 1506 1159 tollere
1535 1129 1567 1159 et
1587 1125 1702 1158 levare
1723 1124 1832 1169 debet7
1854 1125 1950 1159 aliam
1973 1130 2082 1159 autem
2105 1126 2246 1160 mediam

383 1189 509 1230 partem
545 1185 712 1218 residuam
742 1188 843 1231 ipsius
879 1185 982 1219 berne
1019 1189 1090 1232 ipse
1119 1186 1225 1220 dictus
1261 1186 1412 1219 dominus
1451 1185 1674 1219 wenceslaus
1704 1190 1735 1219 ct
1764 1189 1813 1219 sui
1842 1197 2059 1220 successores
2097 1186 2247 1221 similiter

383 1245 499 1279 tollere
529 1250 559 1279 et
593 1246 709 1279 levare
739 1250 901 1280 tenentur.
959 1246 1039 1280 ltcm
1077 1249 1356 1293 pronuncciamus
1386 1251 1418 1280 et
1454 1245 1602 1280 arbitrati
1637 1257 1761 1289 sumus„
1791 1246 1877 1291 quod
1907 1250 2110 1292 purgravius
2145 1250 2247 1293 ipsius

383 1306 505 1339 domini
534 1305 696 1339 ,lobannis
726 1311 755 1340 et
786 1317 921 1340 suorum
950 1318 1185 1341 successorum
1214 1307 1334 1341 ibidem
1364 1310 1395 1340 in
1425 1306 1602 1341 Mczirzicz
1632 1305 1784 1340 homines
1814 1307 1957 1341 ecclesie
1994 1307 2247 1341 Mezirzieensis

382 1371 434 1399 aut
451 1366 558 1410 judex
579 1366 618 1400 de
649 1367 768 1413 oppido
790 1366 910 1400 ibidem
940 1370 971 1401 in
990 1367 1191 1402 Mezirczicz
1221 1368 1382 1402 similiter.
1404 1371 1457 1413 qui
1487 1379 1546 1413 pro
1567 1372 1718 1413 tempore
1748 1366 1857 1410 suerit,
1875 1368 2028 1412 judicare
2057 1373 2089 1402 et
2113 1368 2247 1412 jtldiciis

382 1438 520 1473 preesse
549 1431 691 1462 tenetur.
721 1428 834 1474 culpas
864 1432 985 1465 autem.
1016 1439 1079 1473 que
1108 1431 1233 1462 winnie
1262 1428 1448 1473 vulgariter
1475 1431 1507 1462 in
1536 1427 1712 1461 bohemico
1750 1432 1925 1469 vocantur,
1955 1439 2013 1462 seu
2051 1428 2113 1462 alia
2143 1439 2246 1463 emo-

382 1488 525 1521 lumenta
555 1487 594 1521 ab
624 1491 702 1534 ipsis
728 1489 860 1533 judiciis
890 1492 1086 1523 eveniencia
1117 1492 1188 1535 ipse
1217 1489 1369 1523 dominus
1398 1488 1622 1522 Weneeslaus
1651 1487 1812 1534 plebanus
1841 1499 1900 1522 scu
1929 1491 1977 1522 sui
2016 1499 2245 1532 successores,

381 1552 434 1594 qui
464 1560 523 1594 pro
545 1553 694 1594 tempore
724 1548 855 1587 suerinh
878 1549 993 1583 tollere
1022 1550 1172 1583 similiter
1192 1554 1224 1584 et
1252 1550 1368 1583 levare
1397 1553 1562 1583 tenentur.
1592 1548 1673 1582 Item
1694 1551 2009 1594 pronuneciavimus
2039 1553 2071 1583 et
2099 1548 2247 1583 arbitrati

380 1620 504 1643 sumus.
535 1609 620 1654 quod
660 1612 730 1655 ipse
760 1609 911 1643 dominus
949 1610 1173 1644 Vt'enceslaus
1211 1609 1371 1656 plebanus
1406 1609 1587 1644 modernus
1622 1612 1655 1642 et
1691 1611 1740 1643 sui
1778 1619 1994 1643 successores
2029 1612 2245 1656 imposterum

381 1669 502 1703 ibidem
541 1672 572 1703 in
609 1669 799 1706 MezirzicZ.
838 1673 892 1715 qui
920 1681 981 1716 pro
1020 1675 1171 1716 tempore
1200 1670 1333 1713 fuerint„
1372 1670 1511 1715 singulis
1540 1672 1634 1703 annis
1664 1669 1704 1703 de
1733 1680 1820 1703 anno
1851 1672 1883 1703 in
1912 1680 2033 1703 annum
2061 1681 2122 1716 pro
2151 1675 2246 1716 patre

381 1733 481 1776 ipsius
519 1730 641 1764 domini
678 1730 840 1765 Johannis
879 1735 911 1765 et
948 1731 1019 1765 aliis
1056 1734 1158 1777 ipsius
1196 1734 1362 1776 cognatis,
1401 1730 1528 1773 diebus7
1567 1729 1683 1775 quibus
1713 1732 1949 1763 exortaciones
1983 1741 2043 1776 pro
2081 1730 2245 1765 defunctis

381 1790 451 1824 fieri
480 1795 639 1824 consuete
676 1795 762 1834 sunt,
792 1794 941 1825 exortari
978 1791 1077 1825 debet
1112 1796 1143 1825 et
1180 1796 1322 1829 tenetur,
1361 1793 1626 1825 anniversarium
1657 1795 1765 1825 autem
1802 1795 1834 1825 in
1862 1791 1986 1836 vigiliis
2015 1796 2047 1825 et
2083 1794 2113 1825 in
2144 1793 2245 1825 missa

381 1852 485 1885 semel
513 1852 671 1885 duntaxat
700 1854 732 1885 in
761 1863 848 1885 anno
877 1863 937 1898 pro
966 1856 1060 1898 patre
1089 1855 1191 1898 ipsius
1212 1852 1334 1886 domini
1363 1852 1525 1886 Johannis
1545 1857 1577 1886 et
1606 1851 1677 1886 aliis
1698 1855 1849 1897 cognatis
1869 1864 1908 1886 ac
1933 1855 2081 1898 patronis
2101 1852 2246 1886 ecclesie

381 1912 500 1945 ibidem
540 1915 571 1945 in
606 1912 783 1946 Mezirzicz
820 1912 959 1957 singulis
997 1915 1091 1946 annis
1130 1918 1161 1947 et
1190 1924 1407 1947 successores
1436 1915 1537 1958 ipsius
1566 1912 1697 1958 plebani
1725 1912 1876 1946 similiter
1904 1912 2018 1946 facere
2056 1911 2177 1946 debent
2213 1916 2246 1946 et

381 1977 544 2006 tenentur.
575 1972 714 2018 Insuper
742 1975 1057 2018 pronuncciavimus
1087 1978 1119 2007 et
1146 1973 1294 2007 arbitrati
1323 1985 1447 2016 sumus,
1477 1973 1563 2019 quod
1593 1976 1620 2008 si
1649 1984 1712 2018 que
1741 1984 1818 2019 pars
1847 1973 2070 2019 predictarum
2094 1975 2244 2018 parcium

382 2033 561 2078 predictam
611 2038 758 2067 nostram
801 2037 1138 2079 pronuncciacionem
1190 2044 1256 2067 non
1298 2037 1446 2080 paruerit
1487 2045 1561 2068 cum
1605 2034 1725 2068 effectu
1767 2038 1799 2067 et
1840 2036 1943 2079 ipsam
1993 2044 2059 2067 non
2102 2035 2245 2067 tenuerit

381 2094 624 2128 inviolabiliter.
655 2098 777 2128 extunc
807 2098 838 2127 et
858 2094 1048 2128 immediate
1077 2099 1207 2128 centum
1238 2106 1429 2140 sexagenas
1459 2106 1656 2139 grossorum
1676 2094 1895 2139 Pragensium
1917 2094 2129 2128 denariorum
2158 2096 2243 2139 parti

381 2157 504 2187 tenenti
533 2157 603 2187 sine
633 2157 719 2188 omni
749 2153 939 2188 difficultate
969 2154 1049 2188 dare
1078 2159 1109 2188 et
1139 2154 1274 2188 solvere
1303 2159 1443 2188 tenetur.
1488 2154 1559 2196 Qua
1589 2154 1720 2200 quidem
1749 2155 2052 2200 pronuncciacione
2081 2164 2141 2199 per
2169 2164 2242 2196 nos,

381 2218 462 2247 sicut
501 2218 709 2260 premittitur.
747 2218 777 2248 in
821 2218 998 2261 presencia
1034 2218 1181 2261 parcium
1220 2215 1443 2261 predictarum
1492 2215 1577 2249 facta
1615 2218 1685 2261 ipse
1726 2219 1850 2261 partes,
1892 2214 2048 2248 videlicet
2091 2214 2242 2248 dominus

381 2274 551 2308 Johannes
580 2275 620 2308 de
639 2275 816 2309 Mezirzicz
845 2279 978 2309 nomine
1007 2287 1067 2309 suo
1097 2280 1129 2309 et
1163 2276 1301 2309 fratrum
1328 2286 1463 2309 suorum
1494 2280 1647 2321 tanquam
1677 2275 1717 2309 ab
1743 2279 1815 2321 ipso
1844 2275 2074 2319 indivisorum‚
2104 2285 2143 2308 ac
2171 2277 2242 2320 ipse

381 2335 531 2368 dominus
566 2335 789 2369 W'enceslaus
825 2336 929 2370 dietus
964 2336 1050 2371 Rod.
1088 2336 1248 2382 plebanus
1286 2335 1406 2369 ibidem
1444 2339 1476 2369 in
1513 2336 1690 2370 Mezirzicz
1727 2335 1894 2381 predictus
1923 2335 2072 2369 similiter
2108 2337 2243 2368 nomine

381 2406 439 2427 suo
470 2400 498 2428 et
529 2407 663 2429 suorum
693 2399 795 2441 ipsam
826 2399 1163 2442 pronuncciacionem
1194 2401 1341 2430 nostram
1362 2396 1612 2430 ratificaverunt
1641 2401 1670 2429 et
1701 2396 1979 2440 emologaverunt
2008 2406 2047 2428 ae
2076 2399 2179 2428 ratam
2210 2398 2243 2428 et

380 2460 508 2499 gratam
539 2455 722 2489 habuerunt
752 2461 782 2489 et
812 2456 1044 2490 nichilominus
1073 2461 1188 2490 nostre
1216 2468 1302 2502 pene
1330 2456 1479 2502 predicte
1508 2468 1545 2490 se
1574 2461 1691 2502 sponte
1720 2456 1953 2490 submiserunt.
2001 2455 2038 2489 In
2066 2457 2158 2488 cuius
2193 2457 2243 2488 rei

381 2518 601 2548 testimonium
641 2521 670 2549 et
708 2516 810 2549 robur
847 2528 986 2562 presens
1023 2520 1181 2562 scriptum
1219 2517 1291 2551 fieri
1326 2517 1466 2551 fecimus
1503 2529 1541 2551 ac
1579 2520 1683 2551 nostri
1721 2517 1819 2561 sigilli
1864 2519 1998 2550 maioris
2036 2518 2241 2561 appensione

381 2577 533 2608 iussimus
570 2579 775 2610 conununiri.
832 2577 952 2610 Datum
991 2580 1021 2610 in
1050 2577 1226 2611 Mezirziez
1261 2588 1348 2611 anno
1387 2577 1509 2611 domini
1539 2578 1711 2611 millesimo
1741 2579 1977 2610 trecentesimo
2012 2578 2240 2620 octuagesimo

381 2635 539 2668 secundo.
570 2635 621 2668 die
651 2635 814 2669 dominico
844 2640 996 2681 proximo
1026 2642 1098 2683 post
1129 2642 1282 2671 octavam
1312 2641 1464 2683 corporis
1494 2637 1626 2672 Christi.

692 2697 763 2730 (Ans
790 2698 927 2723 Dobner's
952 2698 1028 2723 Mon.
1054 2699 1104 2725 IV.
1129 2708 1193 2733 pag.
1220 2700 1303 2733 373.)
