2336 3074
1009 226 1053 260 31

1896 288 1909 297 J

99 329 285 374 obstagium
316 341 432 363 verum
463 334 492 363 et
523 330 652 363 solitum
684 332 715 362 in
744 331 878 362 civitate
907 328 1041 363 Brnnna
1072 333 1103 363 in
1134 331 1232 364 domo
1260 342 1319 376 per
1339 331 1523 376 predictum
1545 331 1711 365 (lominum
1735 331 1963 365 marchionem

99 390 251 436 deputata
271 401 391 435 parare
412 390 533 423 debent
553 394 584 423 et
605 393 769 431 tenentur,
791 388 910 422 abinde
931 401 995 423 non
1017 393 1149 434 exituri,
1172 391 1278 424 donee
1300 403 1359 437 pro
1382 395 1537 425 trecentis
1565 395 1685 425 marcis
1703 391 1788 425 bona
1815 404 1875 437 per
1902 403 1963 425 nos

99 455 289 496 comparata
319 455 350 484 et
385 455 493 496 empta
523 462 540 484 a
570 450 718 496 predicto
747 452 897 496 principe
927 454 958 483 et
979 450 1124 494 domino,
1146 451 1279 485 domino
1300 451 1440 493 Jodoeo,
1463 452 1655 486 marchione
1675 452 1828 486 llloravie
1857 456 1962 486 eclam

98 514 130 544 in
160 511 291 545 feodum
322 516 475 557 suscepta
506 511 627 545 fuerint
656 510 822 544 effective.
854 511 974 544 Actum
1006 515 1037 544 et
1067 512 1175 545 (latum
1206 511 1318 545 Brune
1348 523 1434 545 anno
1465 513 1586 546 domini
1617 513 1790 546 millesimo
1820 517 1961 547 trecen-

100 574 216 605 tesimo
245 574 495 617 septuagesimo
524 575 621 605 sexto
651 573 753 604 tercia
784 570 866 603 feria
896 575 972 604 ante
1002 570 1120 605 festum
1152 570 1290 616 Georgii
1321 575 1464 606 martiris
1493 573 1642 616 gloriosi.

410 649 500 684 (orig.
526 650 606 684 Perg.
632 651 649 675 4
674 649 700 674 h.
726 649 783 682 sig.
808 649 844 673 im
870 649 958 676 miilir,
983 650 1075 675 Laud.
1100 650 1248 684 Arehive.)

997 822 1072 857 35.

145 923 336 968 Marltyraf
357 924 470 958 ,lodols
498 925 675 969 hesta'ltz'gyl
703 926 765 959 den
804 924 963 969 l'erlfauf
986 926 1046 958 der
1075 925 1249 959 lrleineren
1281 925 1399 958 Mauth
1430 926 1464 958 ἱη
1496 924 1595 969 Iqlau
1625 937 1668 959 an
1700 926 1753 958 die
1783 925 1923 969 [5]an

265 984 404 1029 Be'ltyet·
433 985 544 1019 Jacob
577 986 644 1019 tend
670 985 806 1019 Joleama
838 986 905 1019 med
934 986 1009 1019 {lere
1038 986 1167 1020 Erben.
1227 985 1284 1020 Dt.
1316 986 1436 1019 Bruma
1469 986 1528 1020 22.
1559 986 1663 1030 April
1694 985 1802 1019 1376.

257 1060 426 1113 Jodocus
456 1080 508 1113 dei
537 1083 651 1124 gracia
682 1080 830 1114 marchio
861 1085 892 1114 et
921 1080 1073 1115 dominus
1101 1081 1255 1115 Moravie
1292 1085 1404 1114 notum
1435 1081 1574 1115 facimus
1604 1086 1720 1115 tenore
1756 1085 1966 1127 presencium

101 1142 280 1179 universis,
311 1140 396 1185 quod
428 1143 459 1174 in
489 1145 602 1174 nostra
632 1144 799 1175 constituti
828 1145 1003 1187 presencia
1041 1142 1244 1176 honorabilis
1275 1147 1305 1176 et
1335 1142 1513 1183 religiosus
1549 1145 1601 1176 vir
1630 1142 1854 1176 lYenceslans
1884 1154 1968 1188 pre-

101 1203 227 1245 positus
256 1203 448 1234 monasterii
479 1203 509 1234 in
539 1200 655 1234 Cunitz
685 1201 809 1235 ordinis
848 1205 1176 1247 premonstratensis,
1206 1207 1294 1235 tutor
1323 1202 1549 1248 orphanorum
1580 1202 1656 1236 olim
1695 1206 1820 1236 strenui
1859 1203 1967 1236 militis

103 1259 288 1294 Franconis
318 1261 358 1294 de
388 1259 599 1300 Chunowitz,
628 1273 809 1306 germanus
839 1261 924 1307 (sic)
955 1265 1114 1308 prepositi
1142 1263 1281 1308 predicti
1311 1267 1342 1296 et
1373 1263 1597 1297 l‘Venceslaus
1627 1263 1793 1296 fratruelis
1823 1266 1967 1308 ipsorum

103 1320 143 1354 de
173 1319 384 1364 Chunowitz,
415 1320 509 1355 nobis
540 1321 687 1366 diligenti
716 1333 852 1367 precum
892 1325 1052 1356 instancia
1091 1323 1328 1368 supplicarunt,
1365 1328 1527 1368 quatenus
1565 1328 1599 1357 ut
1635 1327 1740 1357 minus
1778 1323 1968 1357 theloneum

102 1383 134 1414 in
150 1383 284 1415 civitate
301 1380 493 1425 Iglaviensi,
510 1382 595 1426 quod
613 1393 631 1415 a
647 1381 741 1415 nobis
763 1385 795 1415 in
812 1382 945 1416 feudum
962 1383 1138 1429 dependet,
1160 1383 1310 1417 fidelibus
1328 1387 1450 1417 nostris
1475 1384 1602 1417 dilectis
1626 1384 1753 1418 Jacobo
1772 1389 1803 1417 et
1824 1384 1967 1417 ,Iohanni

103 1440 258 1475 fratribus
288 1441 415 1475 civibus
445 1441 688 1486 Iglaviensibus
717 1443 867 1477 vendere
896 1448 1044 1488 possent,
1066 1444 1105 1476 ad
1136 1443 1200 1477 11οο
1228 1448 1376 1477 nostrum
1405 1444 1567 1477 vellemus
1597 1455 1797 1477 consensum
1823 1444 1968 1478 tribuere

103 1506 134 1535 et
164 1513 348 1535 assensum.
379 1501 449 1535 Nos
478 1503 701 1548 predictorum
732 1506 890 1548 prepositi
921 1503 1007 1537 Petri
1038 1503 1092 1548 (1522)
1122 1508 1154 1537 et
1173 1504 1369 1537 lVeneeslai
1398 1504 1553 1549 precibus
1574 1504 1803 1538 favorabiliter
1824 1505 1968 1537 inclinati

104 1561 144 1595 ad
173 1562 407 1595 vendicionem
436 1563 597 1607 prefatam
628 1568 777 1596 nostrum
807 1575 1009 1597 consensum
1039 1564 1189 1597 dedimus
1219 1569 1249 1597 et
1281 1565 1490 1607 donavimus,
1521 1565 1636 1598 damus
1667 1570 1697 1598 et
1728 1565 1888 1598 donamus
1909 1568 1968 1598 vi-

103 1633 188 1666 gore
216 1624 427 1667 presencium
458 1627 488 1655 et
519 1623 690 1667 larg-imur,
720 1626 768 1656 sic
804 1624 890 1668 quod
924 1623 1071 1657 Jacobus
1107 1629 1138 1657 et
1175 1624 1348 1657 Johannes
1385 1624 1537 1670 predicti.
1568 1627 1715 1670 ipsorum
1753 1624 1897 1658 heredes
1937 1630 1965 1658 et

104 1693 322 1716 successores
351 1682 501 1726 legittimi
530 1683 702 1716 masculini
732 1683 891 1717 duntaxat
927 1696 1029 1718 sexus
1058 1685 1241 1730 predictum
1273 1684 1463 1718 theloneum
1495 1688 1601 1718 miuus
1631 1696 1703 1718 cum
1733 1685 1820 1719 villis
1859 1686 1969 1718 infra-

104 1745 235 1788 scriptis
263 1742 421 1777 videlicet
450 1747 515 1776 tota
549 1744 627 1777 villa
665 1743 831 1781 Ranczer,
862 1749 927 1777 tota
966 1745 1043 1777 vitta
1081 1744 1239 1779 Newstift
1276 1745 1422 1779 exclusis
1464 1750 1604 1790 quatuor
1638 1746 1755 1780 laneis.
1786 1750 1852 1779 tota
1892 1745 1968 1779 villa

104 1802 411 1848 Roschitz,p1·ans‚
432 1806 577 1849 pascuis,
598 1804 702 1846 silvis,
733 1804 869 1840 rubetis.
900 1804 1067 1847 censibus,
1097 1804 1269 1848 fructibus„
1301 1805 1578 1848 obvencionibus,
1608 1809 1698 1849 agris
1728 1806 1823 1839 cultis
1853 1810 1884 1838 et
1912 1808 1969 1838 in-

106 1863 213 1905 cultis,
243 1865 348 1908 aquis,
378 1866 471 1906 rivis,
502 1866 649 1909 piscinis,
679 1864 923 1909 piscacionibus
953 1869 983 1898 et
1013 1866 1151 1909 singulis
1180 1868 1248 1899 suis
1274 1868 1501 1911 pertinenciis,
1523 1865 1786 1911 quibuscumque
1807 1870 1970 1899 vocentur

105 1922 304 1966 nominibus,
335 1934 352 1956 a
382 1923 489 1967 nobis.
511 1923 690 1958 heredibus
711 1929 742 1958 et
763 1925 1015 1959 suecessoribus
1036 1928 1169 1968 nostris,
1191 1925 1438 1960 marchionibus
1458 1926 1623 1969 Moravie,
1645 1929 1676 1960 111
1698 1937 1815 1960 verum
1837 1925 1969 1959 feudum

106 1982 244 2026 habere,
274 1987 390 2017 tenere
419 1988 452 2017 et
480 1984 654 2029 possidere
685 1984 806 2018 debent
834 1989 1004 2031 perpetuis
1026 1985 1236 2031 ‘temporibus
1266 1986 1425 2020 affuturis.
1455 1986 1652 2020 Mandamus
1681 1989 1781 2031 igitur
1801 1989 1969 2020 universis

107 2047 139 2077 et
167 2044 305 2088 singulis
334 2043 530 2078 officialibus
567 2049 599 2078 et
627 2045 698 2078 aliis
726 2047 759 2078 in
787 2045 1017 2079 marchionatu
1046 2050 1160 2080 nostro
1199 2049 1384 2080 constitutis
1422 2046 1571 2080 fidelihus
1608 2047 1735 2080 dilectis
1774 2046 1912 2080 firmiter
1941 2051 1971 2079 et

107 2103 267 2148 districte,
297 2109 459 2149 quatenus
487 2104 650 2138 Jacobum
680 2110 712 2138 et
740 2104 927 2139 Johannem
949 2106 1109 2152 prefatos,
1130 2109 1277 2152 ipsorum
1303 2106 1448 2140 heredes
1478 2111 1508 2140 et
1529 2118 1747 2140 successores
1777 2107 1968 2151 legittimos.

107 2167 140 2196 ut
169 2167 379 2209 premittitur,
409 2167 440 2198 iu
470 2165 618 2210 predicta
646 2170 759 2199 nostra
789 2168 904 2209 gracia
942 2177 1007 2200 non
1042 2167 1221 2212 impedient
1258 2178 1320 2201 nec
1359 2167 1510 2212 impediri
1540 2170 1740 2212 permittant,
1776 2169 1970 2212 quinpoeius

107 2227 197 2269 ipsos
233 2229 481 2269 manuteneant,
523 2229 701 2270 protegant
743 2225 974 2260 favorabiliter
1010 2231 1041 2260 et
1083 2226 1273 2261 defendant.
1322 2227 1536 2260 Presencium
1574 2227 1634 2260 sub
1670 2238 1817 2273 appenso
1855 2231 1968 2260 nostro

109 2284 216 2328 sigillo
246 2288 434 2319 testimonio
463 2285 645 2319 literarum.
676 2286 797 2319 Datum
826 2286 961 2320 Brunne
991 2298 1077 2320 anno
1107 2287 1229 2320 domini
1259 2287 1431 2320 millesimo
1454 2289 1690 2320 trecentesimo
1720 2289 1969 2332 septuagesimo

108 2348 218 2387 sexto,
248 2344 331 2378 feria
361 2348 463 2379 tercia
494 2348 645 2391 proxima
674 2351 749 2391 post
778 2346 988 2390 dominicam,
1019 2358 1083 2392 qua
1112 2351 1263 2380 cantatur
1293 2346 1614 2391 Quasimodogeniti.

420 2432 493 2466 (Aus
527 2433 605 2458 einer
641 2433 749 2458 alteren
784 2433 933 2459 Abschrift
962 2434 1010 2459 der
1041 2433 1387 2467 Best·iittigungsurknude
1419 2433 1454 2458 K.
1486 2433 1647 2460 Ladislavs,
1678 2434 1706 2458 in
1738 2433 1861 2459 weleher
1898 2433 1973 2458 diese

522 2483 659 2509 L'rkunde
683 2484 796 2510 inserirt
819 2485 864 2516 ist,
889 2485 916 2510 111
941 2485 990 2510 der
1015 2485 1198 2511 Issoeeksehen
1221 2485 1387 2519 Saiunilnng
1412 2494 1438 2510 11.
1464 2485 1545 2510 8256
1572 2485 1607 2510 im
1632 2485 1886 2515 Landesarchive.)
