2336 3074
511 716 631 750 Slatut
659 718 718 750 (les
751 716 924 750 Olnmtz-er
954 716 1125 761 Kape'tels.
1169 715 1227 749 16.
1259 715 1453 749 November
1486 715 1594 749 1375.

276 794 394 847 Anno
432 812 520 846 dom.
558 810 806 846 MCCCLXXV
844 810 927 845 feria
970 815 1066 844 sexta
1109 815 1183 857 post
1221 811 1339 845 festum
1377 823 1403 845 s.
1444 811 1577 846 Martini
1616 812 1801 846 ordinatum
1840 816 1889 846 est
1927 824 1987 858 per

119 873 308 920 capitulum,
330 873 416 918 quod
446 876 478 907 in
507 873 591 907 silva
621 883 742 917 magna
770 872 878 906 nullus
907 871 1029 905 audeat
1054 871 1225 917 deponere
1255 871 1382 906 abietes
1410 883 1471 918 pro
1502 871 1642 906 fustibus
1663 876 1789 918 sepium
1820 872 1879 906 sub
1900 884 1985 919 penu

119 937 262 980 quinque
291 944 501 979 grossorum,
533 944 672 978 quorum
702 932 766 966 duo
795 935 906 977 grossi
943 936 1017 966 sunt
1057 931 1155 965 dandi
1189 932 1320 965 famulis
1358 932 1527 966 forestarii
1565 932 1827 966 custodientibus
1866 933 1984 966 silvam

119 999 152 1029 et
180 999 248 1028 tres
276 993 431 1039 capitulo.
462 993 544 1027 Item
574 992 634 1027 sub
664 993 781 1026 eadem
811 1003 896 1038 pena
925 992 1033 1026 nullus
1064 991 1160 1025 dehet
1182 995 1336 1038 recipere
1366 992 1454 1037 ligna
1485 992 1592 1037 aliqua
1622 995 1653 1026 in
1684 993 1767 1026 stiva
1798 996 1985 1038 pertinente

120 1055 160 1088 ad
188 1054 365 1088 XVeskain.

405 1112 408 1114 ¹
431 1115 504 1150 (Ans
529 1115 590 1140 dom
616 1114 711 1140 Codex
736 1115 767 1140 E.
792 1115 814 1140 I.
839 1115 890 1145 40,
914 1123 943 1148 p.
971 1115 1006 1139 15
1033 1114 1069 1139 im
1095 1114 1167 1139 Olm.
1191 1112 1452 1147 Kupitelarehive.)

1035 1259 1077 1294 2.

515 1363 635 1398 Stalett
663 1364 722 1397 (les
755 1363 928 1397 Olmiitzer
956 1362 1127 1407 Isape'tels.
1167 1362 1225 1396 16.
1258 1362 1452 1396 November
1482 1362 1592 1396 1375.

277 1451 395 1504 Anno
429 1469 516 1503 dom.
549 1468 647 1502 1375
678 1468 739 1502 fer.
769 1468 826 1502 VI.
857 1472 932 1513 post
961 1467 1082 1501 festum
1111 1479 1137 1501 s.
1167 1467 1300 1501 Martini
1331 1467 1534 1502 declaratum
1565 1473 1614 1502 est
1644 1473 1799 1502 statutum
1820 1469 1860 1501 de
1882 1471 1981 1501 missa

120 1529 364 1573 defunctorum,
395 1541 468 1563 cum
507 1533 638 1563 tenetur
674 1533 704 1562 et
743 1533 898 1562 servatur
933 1528 1155 1570 interdictum,
1185 1527 1272 1572 quod
1311 1539 1396 1573 eque
1433 1528 1519 1562 bene
1552 1533 1707 1563 tenentur
1741 1533 1830 1562 sture
1860 1528 1983 1562 domini

120 1594 152 1623 et
178 1593 297 1623 vicarii
327 1592 416 1623 circa
446 1580 660 1633 euangelium
689 1600 762 1621 cum
799 1587 947 1621 candelis
985 1590 1067 1620 sieut
1104 1599 1178 1620 cuin
1216 1588 1338 1621 nullum
1377 1593 1532 1622 servatur
1567 1589 1776 1623 interdictum
1807 1588 1866 1623 sub
1895 1600 1980 1634 pena

120 1650 269 1685 eiusdem
297 1653 408 1684 statuti
435 1649 591 1683 videlieet
622 1651 824 1694 privacionis
854 1658 913 1682 seu
942 1650 1130 1681 amissionis
1160 1647 1330 1681 offertorii.

432 1736 504 1771 (Ans
529 1736 591 1762 dem
616 1735 712 1762 Codex
736 1736 768 1761 E.
791 1736 814 1761 Ι.
839 1736 888 1767 40,
912 1745 940 1769 p.
968 1736 1004 1760 15
1030 1735 1066 1760 im
1092 1735 1165 1761 Olm.
1190 1736 1450 1771 Kapitelarehive.)

1028 1882 1056 1917 3

310 1984 434 2019 Bemlfo
464 1995 527 2018 1*οη
557 1984 697 2018 Mostilz-
725 1986 799 2017 tritt
827 1985 891 2018 den
920 1985 1028 2019 mcikr.
1060 1985 1287 2030 Marlffflnfen
1318 1986 1381 2019 das
1412 1985 1509 2029 Dor-f
1536 1985 1707 2019 Trebelitz-
1739 1985 1794 2019 ab.

783 2044 864 2080 Dal.
898 2046 956 2079 20.
988 2045 1182 2079 November
1212 2045 1322 2079 1375.

271 2121 360 2175 Ros
388 2139 506 2173 Bunko
536 2140 576 2174 de
595 2140 735 2174 Mostiez
765 2145 795 2173 et
824 2139 937 2173 Busko
966 2145 1062 2174 natus
1091 2141 1239 2174 eiusdem
1269 2146 1299 2174 et
1330 2141 1409 2174 tituli
1437 2144 1712 2185 recognoscimus
1743 2145 1859 2174 tenore
1895 2151 1980 2185 pre-

117 2204 265 2235 sencium
303 2200 433 2247 publice
471 2199 665 2246 profitentes
700 2203 878 2234 universis.
936 2200 1031 2241 Quod
1070 2204 1145 2246 quia
1180 2201 1371 2237 illustribus.
1402 2201 1668 2235 clementissimis
1707 2200 1909 2246 principibus
1949 2205 1980 2234 et

118 2262 258 2295 dominis
287 2264 409 2295 nostris
437 2263 616 2305 generosis
646 2261 778 2294 domino
799 2260 928 2294 Jodoco
958 2265 988 2294 et
1011 2287 1017 2294 .
1042 2287 1048 2294 .
1080 2261 1237 2295 fratribus
1267 2264 1334 2295 suis
1357 2273 1395 2294 uc
1416 2272 1532 2295 eorum
1562 2264 1593 2294 in
1623 2261 1762 2295 solidum
1785 2260 1979 2294 heredibus.

118 2321 365 2355 marchionibus
394 2320 558 2363 Moravie,
589 2324 836 2365 resignavimus
872 2323 982 2353 omnia
1012 2325 1044 2354 et
1079 2321 1224 2366 quelibet
1258 2326 1370 2355 nostra
1406 2322 1481 2365 jura
1518 2321 1595 2354 ville
1626 2321 1813 2357 Trebetiea
1845 2332 1907 2365 que
1938 2321 1979 2354 ad

117 2393 179 2416 nos
217 2386 249 2416 et
285 2381 430 2415 heredes
470 2385 604 2414 nostros
634 2384 665 2414 in
702 2381 842 2415 solidum
880 2381 1040 2414 haetenus
1076 2384 1275 2426 pertinuisse
1314 2382 1541 2424 din‹j›scuntur‚
1571 2381 1781 2426 presentibus
1817 2381 1979 2414 cedimus„

118 2442 276 2476 tradimus
305 2446 338 2476 et
365 2444 589 2485 resignamus,
611 2444 868 2475 renuncciantes
898 2444 1007 2486 itaque
1038 2444 1068 2474 in
1098 2441 1160 2475 hiis
1189 2445 1321 2487 seriptis
1350 2442 1504 2475 ammodo
1534 2445 1780 2488 inperpetuum
1802 2441 1980 2487 pronobis

116 2506 148 2535 et
176 2501 356 2535 heredibus
384 2504 506 2535 nostrIs
536 2504 567 2534 in
604 2502 744 2535 solidum
780 2501 932 2535 omnibus
968 2504 1098 2546 penitus
1134 2507 1165 2535 et
1205 2502 1343 2546 singulis
1383 2502 1586 2535 accionibus.
1617 2501 1883 2547 impetieionilnis
1921 2513 1979 2535 seu

116 2561 344 2607 questionibus
374 2561 430 2595 vel
457 2561 736 2606 requisicionibus
764 2566 919 2608 pretextu
950 2561 1035 2594 ‹liete
1064 2562 1142 2595 ville
1172 2562 1348 2596 Trebetiez
1378 2562 1443 2596 11110
1474 2573 1627 2607 umquam
1659 2567 1810 2607 tempore
1840 2562 1980 2605 dejure

116 2625 279 2655 canonico
308 2621 365 2655 vel
393 2621 483 2655 civili
512 2620 607 2654 nobis
628 2626 659 2655 et
688 2621 867 2655 heredibus
888 2624 1011 2655 nostris
1033 2627 1226 2667 emnpetere
1246 2622 1434 2668 potentibus
1456 2626 1576 2668 quovis
1597 2625 1732 2667 ingenio
1764 2623 1815 2656 vel
1838 2622 1977 2655 cautela.

115 2685 347 2727 promittentes
376 2693 508 2727 quoque
538 2682 624 2715 bona
654 2687 767 2716 nostra
796 2682 861 2715 fide
891 2685 962 2716 sine
992 2682 1067 2715 dolo
1097 2682 1241 2727 quolibet
1270 2694 1330 2728 per
1369 2694 1429 2716 nos
1458 2685 1489 2716 in
1519 2682 1658 2716 solidum
1698 2693 1860 2727 manuque
1891 2692 1980 2715 eon—

1810 2750 1822 2772 1
