2336 3074
1230 210 1303 243 456

335 321 440 352 obitu<
473 319 601 355 x‘issilias
633 321 726 350 trium
759 317 942 350 leet-ionum
973 327 1045 348 eum
1069 319 1167 349 missa
1198 314 1429 348 desum-torum
1460 326 1625 361 peragere
1656 314 1777 349 debent
1797 319 1958 361 perpetuo
1988 318 2137 359 tempore
2168 316 2197 347 in

336 382 454 413 laun-o.
513 379 586 424 lpso
625 390 707 411 xero
747 377 799 411 die
835 379 938 411 nostri
976 377 1083 410 obitus
1123 379 1216 409 aunis
1253 376 1391 420 siugulis
1431 376 1560 421 vigilias
1597 386 1718 410 novem
1755 376 1940 409 leccionum
1979 386 2052 408 cum
2092 377 2199 409 missis

334 441 562 474 ‹lel'uuetorum
595 438 757 484 perlieere
788 450 851 472 nou
881 437 1064 471 oluuittaut.
1105 436 1267 470 Volumus
1297 439 1443 482 insuper.
1473 441 1504 470 ut
1536 436 1657 470 fratres
1686 436 1834 470 eiusdem
1866 437 2057 469 monasterii
2087 438 2200 469 nostre

335 501 540 534 tundat-iouis
578 502 691 532 vivant
734 510 826 532 more
865 498 1001 532 fratrum
1050 501 1079 531 iu
1119 497 1268 531 Ruduiez
1309 500 1339 531 in
1386 501 1588 531 monasterio
1625 498 1825 543 regulariter
1863 495 2028 530 faciendo.
2086 495 2199 529 Eciam

334 561 491 606 capellam
523 563 552 593 iu
583 565 694 593 castro
724 563 802 606 ipsis
823 559 985 593 donamus
1015 561 1182 604 perpetuis
1213 558 1417 604 temporibus
1456 559 1652 603 regendam,
1682 562 1916 603 rectoremque
1954 557 2046 591 scole
2079 555 2201 590 debent

334 624 400 654 suis
439 624 467 654 iu
499 623 656 666 expensis
696 620 840 665 benigno
870 622 979 653 auium
1018 621 1175 652 enutrire.
1234 617 1347 652 Eciam
1378 619 1593 653 concedimus
1622 619 1746 653 eisdem
1778 620 1946 664 preposito
1976 621 2007 651 et
2045 616 2201 650 fratribus

334 682 462 727 plenam
493 686 522 714 et
553 681 776 714 omnimodam
807 685 1017 726 potestatem.
1048 682 1073 713 si
1104 690 1164 713 nos
1200 679 1254 712 vel
1292 682 1395 713 nostri
1434 679 1578 713 heredes
1616 690 1655 714 ac
1683 689 1902 713 successores
1937 679 2042 711 nostri
2071 687 2130 710 eos
2168 679 2199 710 in

333 742 457 775 eisdem
488 741 582 775 bouis
613 742 775 775 vellemus
813 752 872 775 seu
901 741 1024 775 velleut
1055 740 1242 786 aliqualiter
1271 740 1443 786 impedire.
1483 744 1605 774 extunc
1644 751 1705 774 nos
1735 743 1838 773 citare
1866 744 2005 785 possunt
2043 738 2200 784 spirituali

335 803 388 837 vel
427 805 575 836 terrestri
616 805 698 836 iure.
741 805 901 847 quociens
938 805 1016 847 ipsis
1052 812 1194 834 neeesse
1233 800 1331 834 fuerit
1366 805 1476 834 nostra
1514 801 1567 835 vel
1597 801 1843 835 reclamaciouc
1878 799 1933 833 vel
1969 799 2203 844 indignacione

334 863 529 909 ‹piibuslilwt
561 866 775 909 postergatis.
816 862 884 895 Nos
914 874 1045 907 quoque
1076 861 1256 895 Benessius
1287 861 1326 895 dc
1356 860 1498 895 Crawar
1526 862 1728 907 sepedictus.
1760 860 1941 895 Bcnessius
1969 864 2002 893 et
2030 859 2202 893 Johanues

334 924 388 958 lilii
419 924 492 957 dieti
524 924 645 957 domini
668 922 818 957 Benessii
849 923 889 956 de
910 922 1053 956 Crawar
1081 927 1113 955 et
1133 932 1194 956 nos
1223 921 1355 955 Laczko
1385 921 1489 956 frater
1510 925 1580 956 eius
1601 922 1642 956 dc
1662 922 1804 956 Crawar
1829 922 1979 955 dominus
2009 924 2040 954 in
2059 920 2203 954 Hellen-

334 988 429 1018 steiu.
462 984 577 1018 Petrus
607 984 648 1018 dc
677 984 819 1017 Crawar
846 988 983 1029 patruus
1019 987 1133 1017 noster
1168 983 1319 1016 dominus
1358 985 1388 1016 iu
1419 982 1580 1025 Plumaw,
1610 985 1830 1029 promittimus
1859 992 1977 1016 omnes
2015 980 2202 1021 insolidum,

335 1057 431 1079 mauu
462 1049 650 1079 coniuncta.
689 1048 798 1078 omnia
829 1049 859 1077 et
890 1044 1018 1085 singula
1055 1048 1227 1090 prenotata
1267 1046 1394 1077 cunctis
1424 1046 1491 1077 suis
1521 1046 1552 1077 in
1582 1043 1728 1077 articulis
1767 1043 1807 1076 de
1841 1042 1948 1077 verbo
1986 1042 2024 1076 ad
2063 1040 2202 1075 verbum

335 1110 417 1140 rata.
447 1111 542 1143 grata
572 1110 601 1139 et
642 1104 843 1139 inviolabilia
881 1104 1067 1138 observare
1103 1103 1188 1137 bona
1223 1108 1336 1137 nostra
1373 1104 1436 1138 sido
1471 1104 1656 1149 tabulisque
1695 1102 1908 1138 terrestribus
1946 1107 2068 1148 quanto
2101 1103 2203 1135 cicius

335 1169 516 1213 poterimus
547 1170 577 1200 in
607 1171 694 1200 terra
718 1166 871 1212 Oppavie
901 1165 1097 1202 intabulare.
1127 1164 1203 1198 dolo
1234 1176 1273 1199 ac
1303 1164 1420 1199 fraude
1449 1165 1587 1209 singulis
1616 1164 1843 1210 proculmotis.
1875 1163 1911 1197 In
1940 1163 2080 1198 evidens
2104 1164 2203 1196 testi-

336 1230 479 1260 mouium
517 1227 624 1271 sigilla
663 1231 774 1260 nostra
814 1237 887 1260 cum
924 1226 1040 1263 sig-illis
1075 1225 1232 1259 nobilium
1270 1226 1479 1259 dominorum
1519 1225 1698 1259 Hiuczonis
1736 1225 1776 1259 dc
1815 1224 1893 1270 Lipa
1931 1226 2051 1258 sororii
2088 1225 2204 1263 nostri,

336 1287 422 1321 Petri
453 1289 492 1321 de
523 1288 710 1333 Sternberg
739 1288 894 1321 avunculi
924 1290 1028 1321 nostri
1058 1291 1088 1320 et
1118 1286 1241 1320 domini
1271 1286 1406 1320 Stiborii
1445 1286 1485 1319 de
1519 1285 1688 1331 Czinburg
1717 1285 1758 1319 de
1787 1290 1878 1319 certa
1908 1289 2021 1319 nostra
2059 1285 2203 1318 sciencia

336 1353 409 1382 sunt
439 1360 598 1395 appensa.
630 1349 748 1382 Datum
779 1348 1019 1394 Cbrumpnam
1050 1358 1137 1381 anno
1158 1347 1280 1381 domini
1310 1347 1484 1381 millesimo
1515 1348 1752 1380 trecentesimo
1782 1347 2012 1390 octuagesimo
2041 1354 2141 1381 nonoq
2171 1346 2203 1377 in

337 1409 388 1442 die
418 1413 522 1444 sancti
551 1410 725 1444 Michaelis
754 1409 960 1454 archangeli.

651 1489 741 1517 ‹Oi-ig.
774 1490 854 1521 Perg.
889 1489 903 1513 Τ
939 1497 973 1513 :111
1006 1487 1293 1521 Pergameursii-effen
1326 1487 1352 1511 li.
1384 1486 1452 1519 sig,
1485 1487 1535 1511 ‹las
1567 1485 1650 1511 aetite
1675 1485 1847 1520 abgcrissen,
1881 1485 1908 1510 in
1940 1484 1993 1510 den
2028 1483 2121 1509 Akten
2155 1484 2202 1509 des

755 1541 885 1566 Klosters
911 1540 1020 1566 Fulnek
1046 1540 1082 1565 im
1107 1540 1197 1567 miilir.
1222 1538 1479 1572 Laudesarchive.)

1215 1693 1322 1729 571.

340 1799 531 1845 Jlarlqsraf
553 1799 665 1832 Jodolf
693 1798 834 1832 schenkl
862 1799 933 1833 dem
957 1797 1338 1832 Dominit-anerlsloster
1367 1799 1398 1831 ίη
1429 1797 1561 1830 Olim'ltz
1583 1796 1631 1830 20
1652 1795 1754 1829 Marlt
1775 1794 1886 1839 jalin-l.
1917 1793 2202 1840 marltqrassllicben

751 1859 873 1893 Zinses
903 1861 934 1893 e'll
967 1859 1110 1892 Olmmz„
1143 1857 1200 1892 Dt.
1235 1857 1378 1901 Olmillz«,
1412 1857 1468 1891 12.
1504 1856 1653 1891 October
1685 1855 1794 1890 1389.

498 1936 668 1990 Jodocus
697 1956 749 1990 dei
782 1959 897 2000 gracia
927 1954 1076 1989 marchio
1107 1959 1139 1988 et
1167 1954 1320 1988 dominus
1347 1953 1502 1988 Moravie
1530 1957 1644 1987 notum
1675 1952 1814 1986 facimus
1843 1956 1960 1986 tenore
1989 1952 2200 1997 presencium

340 2021 519 2061 universis.
559 2017 644 2063 quod
675 2017 891 2051 advertentes
920 2016 1156 2061 religiosorum
1186 2018 1335 2049 virorum
1365 2013 1503 2048 fratrum
1533 2013 1780 2059 predicatorum
1809 2015 1965 2058 inopiam,
2004 2021 2101 2057 quam
2138 2013 2199 2057 ipsi

340 2082 370 2113 in
401 2081 604 2113 monasterio
634 2080 739 2111 sancti
768 2076 941 2111 Michaelis
971 2075 1165 2120 archangeli
1204 2078 1235 2109 in
1271 2077 1460 2109 municione
1495 2076 1638 2108 civitatis
1674 2077 1789 2107 nostre
1819 2071 2003 2107 Olomuncz
2041 2071 2203 2116 degentes

340 2139 496 2173 benivole
532 2142 563 2173 in
603 2138 807 2172 abstinencia
846 2136 909 2170 cibi
948 2141 980 2170 ct
1016 2140 1112 2182 potus
1147 2146 1208 2182 pro
1246 2134 1379 2169 Christo
1415 2135 1569 2169 tollerant
1606 2136 1777 2179 cupientes
1815 2132 1856 2166 de
1893 2143 1996 2166 carne
2034 2136 2066 2166 et
2108 2131 2204 2166 hoste

341 2200 472 2234 diabolo
509 2200 650 2233 viriliter
696 2197 913 2244 triumphare‚
961 2200 1039 2243 ipsis
1085 2199 1201 2230 intuitu
1244 2196 1356 2229 divine
1392 2195 1635 2237 misericordie,
1681 2205 1744 2240 qua
1786 2204 1847 2227 nos
1884 2195 2042 2240 precipue
2079 2192 2203 2227 salvari

340 2271 526 2307 speramus?
565 2261 683 2305 viginti
722 2269 853 2292 marcas
891 2268 1012 2291 census
1048 2259 1159 2299 annui„
1199 2256 1315 2290 decem
1343 2267 1404 2302 pro
1434 2258 1575 2289 termino
1612 2257 1717 2289 sancti
1746 2252 1885 2299 Georgii
1923 2258 1955 2287 et
1992 2253 2109 2287 decem
2143 2263 2202 2298 pro

341 2324 481 2355 termino
510 2323 617 2355 sancti
648 2318 846 2353 Wenceslai
874 2321 906 2352 in
935 2318 1020 2351 dicta
1049 2321 1163 2351 nostra
1193 2319 1328 2350 civitate
1349 2316 1532 2351 Olomuncz
1561 2326 1621 2361 pro
1650 2314 1810 2359 suffragio
1841 2324 2064 2360 expensarum
2094 2315 2204 2347 animo

341 2382 523 2415 deliberato
553 2381 789 2427 deputavimus
818 2383 849 2413 et
878 2382 1000 2413 virtute
1038 2380 1249 2424 presencium
1289 2377 1496 2423 deputamus‚
1534 2376 1688 2410 volentes
1725 2378 1758 2408 in
1794 2379 1874 2418 toto,
1911 2379 1946 2408 ut
1983 2376 2043 2420 ipsi
2083 2373 2204 2407 fratres

341 2442 487 2488 prefatas
516 2444 635 2486 viginti
666 2451 796 2474 marcas
825 2439 909 2486 apud
941 2441 1134 2484 magistrum
1165 2440 1299 2479 civium,
1329 2437 1484 2472 consules
1513 2441 1545 2470 et
1570 2437 1700 2481 juratos
1730 2435 1878 2470 eiusdem
1908 2437 2051 2469 civitatis
2070 2438 2204 2468 nostros

342 2502 455 2536 fideles
494 2502 615 2535 tamdiu
654 2499 800 2546 quolibet
837 2510 923 2533 anno
961 2501 1157 2546 percipiant7
1200 2510 1372 2544 quousque
1411 2509 1471 2532 nos
1510 2501 1565 2531 aut
1600 2507 1817 2531 successores
1854 2498 1958 2530 nostri
1995 2493 2205 2528 marchiones

341 2562 493 2597 Moravie
533 2573 592 2595 seu
631 2561 786 2595 consules
826 2565 856 2593 et
895 2563 989 2593 cives
1027 2562 1131 2593 nostri
1166 2559 1305 2605 predicti
1343 2561 1421 2605 ipsis
1461 2557 1618 2592 fratribus
1657 2556 1816 2591 ducentas
1849 2566 1980 2590 marcas
2008 2564 2205 2600 grossorum

343 2623 553 2657 denariorum
584 2624 798 2667 pragensium
830 2623 861 2654 in
890 2622 1014 2666 paratis
1044 2622 1194 2665 pecuniis
1223 2620 1371 2666 plenarie
1401 2621 1648 2663 assignaverint
1677 2621 1709 2651 et
1729 2620 1762 2651 in
1782 2621 1862 2650 toto.
1893 2615 2101 2650 Comittimus
2121 2625 2204 2658 ergo

341 2686 431 2730 prius
462 2685 654 2716 memoratis
685 2684 807 2715 nostris
837 2680 987 2714 fidelibus
1018 2683 1178 2725 magistro
1208 2683 1341 2724 civinm7
1381 2678 1571 2713 consulibus
1601 2682 1633 2712 et
1659 2679 1788 2722 juratis,
1828 2681 1881 2723 qui
1922 2686 2009 2710 nunc
2046 2679 2121 2709 sunt
2150 2674 2203 2708 vel
