2336 3074
1009 191 1083 225 237

115 295 218 328 frater
248 299 362 328 noster
390 295 546 340 predictis
570 321 576 327 .
600 321 606 328 .
637 297 740 340 priori
770 299 802 328 ct
824 322 830 328 .
855 322 861 327 .
893 298 1073 328 conventui
1112 296 1199 330 dedit
1230 297 1446 341 hereditarie,
1477 300 1558 332 sicut
1591 298 1654 332 hoc
1691 299 1786 332 litere
1816 311 1875 333 sue
1904 300 1979 333 date

113 355 257 401 desuper
286 355 455 389 declarant
484 355 635 397 lucidius,
665 366 725 401 pro
763 354 1000 389 satisfaccione
1039 355 1271 401 dampnorum
1302 357 1419 402 quibus
1449 358 1558 392 affecti
1586 363 1660 393 sunt
1689 358 1810 393 fratres
1840 360 1979 405 predicti

114 420 146 449 et
175 426 291 449 00111111
321 415 485 454 homines„
515 418 598 449 iusta
637 418 856 449 estimacione
895 418 1102 449 meritorium
1141 428 1353 457 censeamus„
1392 419 1558 459 volentes„
1589 419 1675 464 quod
1715 420 1857 453 donacio
1895 423 1979 465 prati

114 476 314 517 huiusmodi,
343 488 407 521 que
436 487 523 510 nunc
552 480 701 510 nostrum
731 479 924 510 necessario
945 479 1024 521 petit
1052 487 1266 520 consensum,
1288 481 1353 511 vim
1376 483 1570 524 perpetuam
1591 479 1738 513 obtineat
1759 484 1791 513 et
1812 482 1978 524 vigorem,

114 536 268 582 quodque
307 539 412 570 eciam
451 536 568 571 futuris
603 536 807 582 temporibus
844 539 915 570 eius
950 539 1036 582 prati
1074 536 1214 570 donacio
1253 548 1318 570 non
1356 544 1540 572 evacuetur
1575 539 1714 583 viribus,
1752 551 1814 574 nos
1850 540 1978 574 literam

114 597 293 642 supradicti
323 596 435 630 fratris
464 599 568 630 nostri
598 601 630 630 et
659 599 769 630 omnia
798 601 954 630 contenta
984 600 1015 630 in
1045 597 1162 630 eadem
1193 597 1428 642 approbamus
1459 599 1660 633 ratificamus
1682 605 1714 634 et
1742 600 1979 634 confirmamus

112 660 235 690 virtute
264 659 475 702 presencium
506 657 547 690 de
584 656 691 691 verbo
730 658 770 690 ad
808 657 962 700 verbum,
992 668 1032 691 ac
1065 659 1092 691 si
1129 657 1341 702 presentibus
1380 663 1491 691 essent
1528 662 1663 698 inserta„
1702 672 1766 705 que
1804 660 1980 695 cuiuslibet

113 720 269 751 intuentis
289 717 419 750 valeret.
439 717 554 751 oculus
583 718 799 763 perlustrare.
831 717 1045 751 Presencium
1067 717 1127 751 sub
1148 729 1298 763 appenso
1318 722 1433 751 nostro
1454 719 1562 763 sigillo
1585 723 1773 753 testimonio
1794 721 1976 754 literarum.

113 777 233 811 Datum
262 777 398 811 Brunne
427 789 514 811 anno
544 778 666 811 domini
696 778 871 811 millesimo
893 780 1130 811 trecentesimo
1151 781 1382 822 octoagesimo
1402 779 1563 821 5001111110,
1587 780 1669 813 feria
1691 783 1802 825 quinta
1823 784 1977 826 proxima

112 841 187 883 post
215 837 301 871 diem
332 838 550 872 exaltacionis
580 843 695 872 sancte
725 841 845 872 crucis.

423 916 516 950 (Orig.
542 917 623 950 Perg.
648 917 675 942 h.
700 917 757 951 Sig.
782 917 911 946 verletzt,
938 917 974 942 im
999 917 1124 942 Arehive
1148 917 1197 942 des
1223 917 1353 943 Klosters
1378 926 1399 942 s.
1424 918 1549 943 Thomas
1575 918 1601 942 in
1628 919 1747 950 Rriinn.)

995 1061 1104 1097 268.

120 1164 275 1209 l'l'ojtecle
306 1166 373 1199 med
406 1165 615 1208 Herrmann,
648 1165 820 1199 Ccmom'ce‘
846 1177 911 1199 1·οη
954 1165 1097 1200 Olme'ltz.
1127 1166 1289 1210 qaittiren
1329 1166 1391 1199 [las
1429 1165 1569 1199 Isloster
1606 1178 1632 1199 8.
1672 1165 1787 1199 Jalsob
1825 1166 1978 1200 daselbst

179 1225 263 1259 tiber
291 1226 354 1259 den
384 1225 563 1259 bezalzlten
594 1226 840 1269 weijaln·i9en
865 1225 1083 1270 pcibstliehen
1114 1225 1256 1259 Zellent.
1288 1225 1344 1258 Dt.
1381 1225 1513 1259 Olmatz
1543 1225 1602 1260 21.
1634 1225 1773 1270 Septbr.
1807 1225 1917 1259 1382.

267 1301 550 1367 xvoyczecliius
580 1321 620 1355 de
651 1321 855 1355 Ottaslavicz
891 1326 923 1355 et
951 1321 1163 1355 Hermannus
1202 1321 1242 1354 dc
1280 1321 1384 1354 Nalils
1420 1324 1571 1355 canonici
1611 1321 1855 1355 Olomucenses
1893 1334 1977 1356 sue-

111 1381 289 1415 collatores
319 1381 448 1415 decime
477 1382 603 1427 papalis
632 1381 794 1415 biennalis
823 1393 884 1427 per
912 1381 1121 1415 reverendos
1159 1384 1190 1414 in
1221 1380 1352 1414 Christo
1392 1386 1502 1427 patres
1539 1386 1570 1415 et
1609 1382 1761 1416 dominos
1790 1382 1977 1415 Johannem

111 1442 399 1488 archiepiscopum
430 1441 634 1487 Pragensem
665 1446 696 1475 et
734 1441 902 1475 Panonem
933 1445 1125 1487 episcopum
1166 1441 1457 1486 Polignanensein,
1493 1442 1672 1476 collatores
1710 1445 1812 1487 ipsius
1848 1441 1977 1475 decime

110 1503 323 1549 principales,
366 1514 426 1548 per
468 1506 637 1536 civitatem
680 1507 711 1536 et
751 1502 910 1536 diocesim
950 1502 1058 1535 Olom.
1104 1502 1295 1547 specialiter
1337 1503 1493 1547 deputati.
1538 1505 1816 1547 recognoscimus
1861 1507 1977 1536 tenore

109 1566 320 1609 presencium
350 1565 518 1597 universis
548 1568 579 1596 et
608 1563 747 1607 singulis
776 1574 837 1596 nos
867 1574 884 1596 a
914 1563 1073 1607 religiosa
1103 1567 1135 1596 et
1164 1563 1226 1596 deo
1265 1563 1372 1596 dicata
1410 1566 1543 1607 virgine
1582 1562 1777 1606 Katherinffl
1809 1562 1975 1597 abbatissa

110 1626 303 1657 monasterii
333 1626 438 1657 sancti
466 1623 584 1656 Jacobi
613 1626 645 1656 in
675 1622 847 1661 Olomucz„
878 1634 938 1669 pro
969 1623 1097 1656 decima
1127 1623 1234 1668 papali
1265 1623 1304 1656 de
1334 1627 1428 1657 3111115
1458 1624 1580 1656 1101111111
1619 1624 1794 1657 millesimo
1834 1628 1975 1656 trecen-

110 1686 228 1718 tesimo
257 1687 488 1728 octuagesimo
517 1686 623 1729 primo
654 1688 686 1717 et
714 1684 862 1717 secundo
892 1688 1054 1728 sequente
1083 1684 1262 1717 inmediate
1292 1684 1430 1717 collecta
1458 1688 1598 1728 quatuor
1628 1694 1758 1717 marcas
1778 1694 1975 1728 grossorum

108 1747 323 1790 pragensium
353 1747 515 1777 moravici
543 1747 673 1777 numeri
703 1748 734 1777 et
763 1746 966 1789 pagamenti‚
997 1755 1108 1777 marca
1138 1755 1198 1789 pro
1229 1743 1372 1788 qualibet
1402 1743 1551 1777 LX11110‘
1579 1754 1718 1787 grossos
1750 1743 1974 1789 computando

109 1803 267 1838 habuisse
296 1808 327 1837 et
357 1815 430 1837 cum
461 1804 581 1838 effectu
609 1807 803 1850 percepisse
834 1807 865 1837 in
893 1807 1033 1850 pecunia
1069 1809 1183 1849 parata
1223 1808 1254 1837 et
1291 1808 1475 1838 numerata.
1505 1814 1565 1849 pro
1605 1814 1805 1848 unoquoque
1843 1806 1976 1847 integro

109 1875 196 1898 anno
225 1864 321 1898 simul
350 1868 493 1909 sumpto7
522 1863 577 1898 ubi
606 1864 687 1897 alias
716 1867 749 1897 in
778 1863 906 1898 duobus
936 1867 1084 1898 terminis
1114 1864 1249 1898 solvere
1279 1869 1351 1898 erat
1380 1867 1577 1897 consuetum
1608 1863 1689 1896 duas
1721 1874 1851 1897 11131035
1881 1866 1973 1896 1001-

109 1924 243 1970 piendo.
282 1924 332 1958 De
369 1924 486 1969 quibus
524 1924 656 1969 quidem
694 1929 836 1969 quatuor
873 1928 994 1958 mareis
1038 1927 1174 1958 racione
1211 1925 1349 1957 duorum
1389 1935 1549 1957 annorum
1593 1934 1653 1969 pro
1697 1924 1825 1957 decima
1868 1924 1977 1969 papali

109 1987 247 2030 sumptis
276 1988 380 2030 ipsam
410 1985 617 2018 domicellam
647 1984 863 2018 Katherinam
901 1985 1101 2019 abbatissam
1130 1997 1190 2030 per
1229 1988 1446 2018 memoratam
1484 1987 1715 2017 auctoritatem
1753 1983 1849 2017 nobis
1887 1995 1976 2017 con—

109 2055 239 2078 cessam
269 2047 482 2089 quittavimus
511 2056 550 2078 30
588 2047 778 2090 quittamus,
807 2045 976 2079 reddimus
1015 2048 1145 2091 penitus
1184 2050 1216 2078 et
1251 2045 1402 2078 solutam.
1460 2044 1496 2077 In
1532 2047 1625 2078 cuius
1663 2047 1713 2078 rei
1751 2047 1974 2077 testimonium

109 2104 216 2148 sigilla
246 2109 359 2138 nostra
389 2104 600 2150 presentibus
629 2109 705 2138 sunt
734 2116 894 2151 appensa.
925 2105 1044 2139 Datum
1076 2105 1236 2139 Olomucz
1266 2116 1353 2138 311110
1383 2104 1506 2138 domini
1533 2104 1706 2138 millesimo
1737 2107 1973 2138 trecentesimo

109 2167 338 2209 octuagesimo
368 2164 528 2208 secundo,
559 2165 611 2198 die
640 2167 801 2199 vicesima
830 2168 935 2211 prima
966 2168 1089 2199 mensis
1120 2164 1339 2210 Septembris.

420 2242 511 2277 (Orig.
537 2244 618 2276 Perg.
644 2244 661 2268 2
687 2243 713 2268 h.
738 2243 795 2276 Sig.
821 2243 857 2268 im
883 2243 956 2269 Olm.
983 2243 1241 2277 Kapitelarcliive.)

993 2388 1101 2423 269.

460 2489 623 2524 Scataten
653 2491 712 2524 des
744 2491 917 2524 Obnmtzer
946 2490 1116 2534 Kapitels.
1158 2490 1216 2524 Dt.
1247 2489 1308 2523 30.
1338 2489 1478 2534 Septbr.
1511 2489 1621 2523 1382.

264 2564 417 2618 Statuta
437 2588 617 2629 sequencia
637 2590 712 2619 sunt
734 2585 820 2619 facta
841 2589 871 2619 in
892 2585 1035 2631 capitolo
1055 2584 1206 2629 generali
1227 2584 1267 2617 de
1287 2595 1374 2617 anno
1395 2584 1519 2618 domini
1539 2584 1713 2618 millesimo
1735 2586 1973 2617 trecentesimo

106 2643 266 2677 LXXXII
294 2647 326 2677 in
355 2643 440 2678 festo
469 2655 495 2678 5.
526 2644 707 2679 1110101111111
736 2646 952 2679 confessoris.
