2336 3074
1028 203 1102 237 499

136 311 167 340 et
197 312 306 341 laxam
339 309 498 352 magister
526 308 648 341 civium
678 307 833 340 consules
862 312 894 341 ct
917 309 1019 351 jurati
1048 311 1141 342 cives
1171 307 1256 341 dicte
1286 310 1428 341 civitatis
1458 318 1517 353 per
1541 308 1766 351 juramentum
1801 307 1934 340 domino
1964 311 1996 339 ct

135 370 259 402 civitati
287 370 459 414 prestitum
489 371 562 413 post
600 371 739 400 mortem
770 367 915 401 defuncti
945 367 1028 402 infra
1067 368 1137 402 (lies
1175 368 1424 413 quatuordecim
1455 370 1610 401 vstinmre
1641 371 1671 400 et
1701 371 1817 400 taxare
1856 366 1995 400 fideliter

134 427 343 462 tenebuntur.
381 427 475 461 Hanc
504 438 586 461 vero
618 430 874 461 extimacionem
904 429 1052 462 valorem
1083 433 1115 463 et
1144 433 1253 462 taxam
1283 428 1469 462 huiusmodi
1500 431 1611 473 quinte
1640 431 1741 474 partis
1770 430 1994 474 proximiores

134 488 279 522 heredes
308 492 363 522 aut
390 488 490 522 heres
518 490 715 534 proximior.
754 491 807 533 qui
837 491 867 521 iu
897 488 992 522 bonis
1021 489 1288 534 possessionibus
1317 493 1348 522 et
1378 488 1477 522 rebus
1507 487 1652 521 defuncti
1682 488 1873 526 succedent,
1912 491 1997 521 sicut

135 552 344 595 premittitur,
373 549 525 583 ecclesiis
554 548 635 582 locis
664 552 696 581 et
724 551 888 594 personis,
919 549 1035 595 quibus
1063 553 1133 595 ipsa
1164 553 1273 595 quinta
1304 553 1355 582 aut
1377 560 1453 595 pars
1483 552 1553 582 eius
1582 548 1690 593 legata
1721 552 1783 591 est,
1812 547 1896 581 infra
1927 552 1994 582 tres

136 621 269 644 menses
299 612 455 644 continue
483 621 520 644 se
548 613 738 655 sequentes„
769 614 940 655 postquam
972 610 1088 644 eadem
1119 613 1228 656 quinta
1258 621 1334 656 pars
1364 614 1474 643 taxata
1505 609 1613 652 fuerit,
1644 613 1677 642 ut
1705 608 1883 655 presertim
1919 619 1993 642 cum

134 670 253 704 effectu
291 670 371 703 dare
409 675 441 703 et
474 669 680 714 integraliter
717 670 914 715 persolvere
950 670 1148 704 tenebuntur
1185 675 1216 704 et
1252 669 1419 704 debebunt
1447 669 1716 703 contradict-ione
1746 668 1891 714 qualibet
1928 680 1993 703 non

134 730 297 764 obstante.
328 730 453 765 Verum
483 733 557 775 quia
586 741 665 776 sepe
695 733 867 775 contingit,
897 730 983 776 quod
1013 731 1158 765 nonnulli
1187 730 1292 777 proch
1314 730 1407 764 dolor
1436 733 1605 776 inprovisa
1627 741 1666 763 ac
1687 729 1861 763 celerrima
1886 733 1993 763 morte

134 790 363 835 succumbunt,
394 802 435 825 ne
464 796 573 825 tamen
602 801 716 824 eorum
756 793 865 824 anime
901 803 960 837 pro
999 791 1134 837 quode)
1164 792 1226 825 deo
1264 794 1413 837 propicio
1442 794 1596 824 viventes
1634 793 1666 824 in
1703 790 1767 824 hoc
1802 790 1914 824 seculo
1953 790 1992 823 ad

134 851 273 886 salutem
311 862 404 885 suam
440 851 638 894 babuerunt,
676 850 842 885 desiderio
876 854 940 885 siut
976 855 1118 898 private,
1155 852 1308 886 volumus
1346 854 1518 885 statuimus
1556 850 1771 884 concedimus
1813 855 1845 884 et
1886 853 1990 884 eciam

134 912 324 946 ordinamus
353 922 413 958 pro
442 911 538 946 nohis
567 916 598 945 et
626 911 878 946 successoribus
908 915 1029 946 uostris
1058 915 1299 959 inperpetuum,
1329 912 1415 958 quod
1450 912 1489 945 ad
1519 911 1705 945 faciendum
1736 916 1767 945 et
1796 911 1992 945 solvendum

135 977 366 1007 testamentum
401 983 462 1018 pro
497 972 605 1006 taliter
641 975 777 1006 mortuis
816 973 969 1006 videlicet
1012 976 1261 1007 estimacionem
1304 977 1335 1006 et
1377 977 1487 1006 taxam
1531 974 1643 1017 quinte
1685 974 1786 1017 partis
1828 971 1991 1005 bonorum

133 1036 382 1078 possessionum
422 1037 454 1066 et
490 1043 601 1066 rerum
638 1032 828 1066 relictarum
867 1036 998 1076 mortui⁷
1034 1038 1065 1066 ut
1098 1033 1278 1079 prefertur,
1317 1035 1540 1079 proximiores
1579 1031 1722 1065 heredes
1760 1043 1833 1065 cum
1873 1032 1992 1065 effectu

133 1093 327 1139 persolvant
355 1093 507 1127 ecclesiis
537 1092 662 1127 fabrice
698 1093 934 1127 ecclesiasticis
963 1096 1116 1139 personis
1145 1098 1176 1127 et
1205 1094 1286 1127 locis
1316 1093 1402 1127 dicte
1430 1095 1574 1127 civitatis
1603 1092 1783 1126 secundum
1818 1092 1991 1126 consilium

134 1156 281 1200 episcopi
312 1152 555 1197 Olomucensis,
594 1156 648 1199 qui
678 1164 737 1199 pro
767 1158 916 1200 tempore
946 1154 1044 1188 fuerit
1082 1159 1113 1187 et
1141 1159 1238 1200 prout
1267 1156 1478 1188 consciencie
1516 1165 1575 1187 sue
1613 1164 1673 1198 pro
1709 1156 1817 1187 anime
1848 1153 1992 1187 defuncti

133 1214 282 1248 remedio
312 1213 478 1247 videbitur
497 1213 661 1248 salubrius
691 1215 862 1260 expedire.
893 1214 1032 1260 Insuper
1052 1215 1223 1258 adicimus7
1254 1214 1340 1260 quod
1369 1217 1394 1248 si
1425 1217 1497 1260 quis
1517 1213 1617 1248 heres
1647 1216 1832 1260 proximior
1856 1214 1992 1247 alicuius

133 1274 279 1308 defuncti
308 1274 394 1308 dicte
423 1277 565 1309 civitatis
594 1280 707 1309 nostre
738 1274 894 1309 Ostravie
923 1287 988 1309 non
1010 1280 1200 1321 acceptaret
1229 1279 1261 1309 et
1289 1286 1325 1309 se
1354 1277 1585 1308 intromitteret
1612 1274 1652 1307 de
1680 1273 1776 1307 bonis
1796 1277 1990 1320 possessio-

132 1335 228 1369 nibus
257 1340 289 1369 et
317 1334 417 1369 rebus
446 1335 591 1369 defuncti
621 1339 704 1370 civis
735 1335 962 1370 Ostraviensis
992 1336 1075 1370 infra
1105 1336 1243 1369 duorum
1284 1338 1444 1369 mensium
1473 1337 1620 1381 spacium
1651 1339 1725 1380 post
1753 1333 1876 1368 obitum
1915 1334 1992 1368 dicti

132 1395 278 1430 defuncti
307 1400 339 1430 et
366 1407 432 1430 nou
462 1395 589 1430 faceret
626 1396 846 1430 residenciam
885 1397 1015 1430 civilem
1055 1401 1087 1430 et
1122 1396 1333 1443 personalem
1372 1398 1404 1429 in
1442 1395 1558 1429 eadem
1593 1397 1728 1428 civitate
1756 1399 1881 1438 nostra,
1917 1396 1992 1438 jura

132 1459 351 1491 necessitates
380 1461 412 1490 et
440 1467 543 1491 onera
572 1459 715 1491 civitatis
744 1461 902 1491 consueta
924 1461 955 1490 et
984 1457 1078 1491 solita
1107 1460 1319 1503 supportaret
1348 1460 1380 1490 et
1403 1458 1588 1502 prescripte
1617 1459 1731 1489 nostre
1760 1458 1992 1489 constitucioni

133 1517 338 1551 ordinacioni
367 1522 399 1551 et
425 1520 541 1562 gracie
569 1528 635 1551 non
663 1521 824 1561 uteretur,
853 1521 950 1564 prout
978 1528 1076 1563 supra
1106 1517 1296 1551 distinccius
1325 1521 1375 1551 est
1404 1526 1613 1562 expressum.
1653 1519 1775 1549 extunc
1805 1515 1877 1549 talis
1906 1526 1992 1561 pro-

132 1580 254 1611 ximior
282 1577 382 1611 heres
411 1577 466 1612 vel
495 1577 639 1612 heredes
667 1581 775 1612 statim
797 1582 870 1624 post
897 1578 1024 1623 lapsum
1054 1578 1129 1611 dicti
1159 1580 1329 1623 temporis„
1359 1577 1434 1611 dum
1464 1581 1574 1610 tamen
1595 1577 1635 1610 de
1664 1576 1719 1610 tali
1739 1587 1797 1610 sua
1821 1576 1990 1609 voluntate

133 1640 317 1672 constiterit
344 1638 400 1671 vel
430 1637 515 1671 facta
545 1637 644 1672 fuerit
671 1637 758 1672 bona
788 1637 880 1681 fides³
910 1641 1057 1684 presenti
1094 1642 1208 1672 nostro
1237 1638 1414 1684 privilegio
1452 1640 1656 1683 inposterum
1686 1648 1751 1671 non
1789 1636 1992 1681 gaudebunt,

132 1698 191 1732 sed
220 1698 306 1732 bona
336 1698 482 1732 defuncti
511 1698 551 1732 ad
580 1709 641 1733 nos
670 1703 701 1733 et
730 1709 947 1733 successores
985 1702 1117 1733 nostros
1155 1701 1332 1745 episcopos
1363 1698 1616 1742 Olomucenses,
1654 1701 1707 1744 qui
1745 1709 1804 1744 pro
1842 1702 1992 1743 tempore

133 1758 266 1801 fuerint,
295 1770 372 1793 esse
401 1758 521 1792 debent
558 1758 663 1792 libere
692 1759 847 1793 devoluta
880 1761 974 1804 juxta
1013 1770 1140 1793 morem
1170 1761 1226 1804 jus
1264 1764 1296 1793 et
1332 1759 1605 1793 consuetudinem
1635 1770 1694 1805 per
1731 1759 1992 1805 predecessores

131 1824 264 1853 nostros
293 1821 470 1864 antiquitus
499 1818 710 1863 observatos,
740 1820 834 1854 salvo
863 1831 996 1865 semper
1033 1820 1119 1865 quod
1149 1822 1259 1865 quinta
1296 1830 1372 1866 pars
1406 1819 1568 1853 bonorum
1600 1819 1758 1862 defuncti,
1787 1821 1872 1853 sicut
1909 1829 1992 1864 pre-

132 1882 278 1923 mittitur,
308 1890 368 1925 pro
398 1882 507 1913 anime
536 1879 709 1913 cuiuslibet
739 1880 885 1914 defuncti
912 1880 1062 1914 remedio
1092 1892 1165 1914 cum
1195 1880 1314 1914 effectu
1343 1880 1438 1914 detur
1467 1884 1499 1913 et
1527 1883 1592 1913 tam
1622 1890 1681 1926 per
1710 1890 1770 1913 nos
1800 1890 1896 1924 quam
1934 1889 1993 1924 per

131 1951 348 1974 successores
377 1945 510 1974 nostros
539 1943 612 1974 sine
641 1940 863 1975 diminucione
900 1941 1036 1974 realiter
1072 1941 1292 1987 persolvatur.
1350 1940 1385 1974 In
1415 1951 1552 1985 quorum
1591 1942 1812 1973 testimonium
1842 1943 1991 1973 nostrum

131 2001 273 2046 sigillum
302 2012 366 2034 una
396 2011 468 2034 cum
499 2000 608 2045 sigillo
637 2000 714 2034 dicti
743 2001 875 2047 capituli
904 2004 1007 2035 nostri
1038 2000 1271 2035 Olomucensis
1299 2000 1509 2046 presentibus
1538 2005 1610 2035 sunt
1641 2011 1812 2046 appressa.
1860 1999 1900 2032 Et
1930 2009 1991 2032 nos

131 2061 286 2095 Andreas
315 2061 473 2103 decanus5
502 2060 644 2095 Mathias
672 2064 861 2107 prepositus
890 2073 929 2096 ac
958 2061 1134 2107 capitulum
1164 2061 1307 2095 ecclesie
1329 2060 1560 2094 Olomucensis
1589 2063 1761 2106 premissis
1782 2062 1992 2093 concessioni

131 2121 306 2155 donacioni
335 2125 456 2155 statuto
486 2126 517 2155 et
545 2123 660 2166 gracie
689 2124 919 2155 consensimus
948 2126 981 2155 et
1008 2120 1217 2167 presentibus
1247 2123 1483 2155 consentimus.
1514 2120 1555 2154 Et
1583 2123 1615 2154 in
1644 2119 1774 2154 roboris
1804 2119 1990 2153 firmitatem

132 2186 291 2227 perpetue
312 2181 501 2215 duraturam
531 2192 570 2214 ac
591 2181 730 2215 evidens
758 2184 980 2215 testimonium
1001 2184 1239 2227 premissorum
1268 2185 1442 2227 presentes
1470 2181 1582 2214 literas
1603 2180 1711 2225 sigillo
1732 2183 1835 2213 nostri
1858 2178 1990 2224 capituli

131 2253 204 2275 cum
235 2241 342 2286 sigillo
372 2242 449 2275 dicti
477 2242 599 2276 domini
629 2246 660 2275 et
688 2244 790 2288 patris
818 2244 923 2276 nostri
952 2242 1073 2275 domini
1094 2241 1222 2275 Nicolai
1252 2244 1398 2288 episcopi
1429 2241 1660 2274 Olomucensis
1689 2240 1729 2274 de
1759 2244 1848 2273 certa
1877 2243 1989 2272 nostra

131 2305 275 2336 sciencia
304 2301 442 2336 fecimus
471 2305 679 2336 communiri.
736 2302 857 2336 Actum
887 2307 918 2336 et
947 2302 1055 2336 datum
1087 2302 1246 2336 Olomucz
1275 2313 1361 2335 anno
1391 2302 1513 2335 domini
1544 2300 1715 2334 millesimo
1751 2301 1985 2333 trecentesimo

130 2364 360 2407 octuagesimo
388 2373 489 2406 nono,
518 2362 600 2396 feria
631 2365 732 2396 tercia
762 2365 913 2408 proxima
943 2366 1016 2408 post
1045 2367 1193 2396 sanctum
1223 2361 1409 2396 Nicolaum.

444 2441 606 2475 (Vidimirte
632 2441 777 2467 ,insutu-ist
803 2450 865 2466 voin
890 2441 977 2465 Jalire
1006 2442 1084 2466 11512
1111 2441 1145 2466 in]
1173 2441 1321 2465 siirsterzb.
1348 2440 1432 2467 Arc-li.
1460 2440 1485 2464 iu
1512 2440 1680 2473 Krmusifflz)

289 2541 319 2577 ²⁵)
345 2546 412 2570 Hier
435 2546 545 2571 seheiut
569 2546 614 2571 ‘cin
640 2546 736 2579 lapsus
762 2545 862 2571 calani}
889 2545 937 2570 des
963 2545 1127 2570 Schroilwrs
1152 2553 1184 2569 zu
1215 2545 1282 2569 sein.

1785 2729 1835 2753 ⁴53*
