2336 3074
1222 218 1293 251 504

326 336 466 367 enitatis
497 336 609 365 nostre
640 328 781 364 §lualicz
812 329 841 359 in
874 329 939 359 vita
972 325 1024 358 w!
1055 330 1161 358 morte
1191 327 1304 357 tcsturi
1335 324 1449 367 teg-are
1479 326 1778 367 testamentumque
1809 322 1921 355 facere
1951 322 1989 356 ad
2027 322 2189 355 ecclesias

326 400 376 427 :uit
415 393 629 425 ecclesiarum
670 389 812 421 fabricas
851 391 903 420 aut
943 387 1057 431 legare
1097 388 1249 432 personis
1285 385 1522 418 ecclesiasticis
1558 384 1706 418 ciusdem
1746 386 1888 417 civitatis
1927 388 1956 416 et
1996 383 2058 416 loci
2094 387 2187 428 prout

325 454 452 487 cuilibet
485 452 664 485 incolarum
696 453 817 482 civium
848 449 934 482 dicte
963 452 1076 481 nostre
1106 448 1249 480 civitatis
1284 445 1428 487 Muglicz
1468 444 1633 478 videbitur
1671 444 1780 478 utilius
1819 443 1991 490 expedire.
2032 443 2188 477 Valorem

325 517 578 548 exutum-ionem
610 516 638 545 et
670 516 780 544 laxam
811 509 971 543 bonorum
1003 510 1251 554 possessionum
1281 518 1319 539 ac
1349 517 1458 540 rerum
1490 506 1677 539 relictarum
1716 509 1790 551 post
1825 505 2018 539 decedentis
2053 508 2190 538 mortem

327 576 477 608 xiib-licet
510 576 654 618 quintam
685 575 810 617 partem
842 570 1024 603 dumtaxat.
1064 580 1160 614 quam
1192 570 1296 601 eciam
1327 569 1583 600 extimat-unicui
1621 567 1771 601 valorem
1811 570 1843 599 et
1881 570 1991 600 taxum
2030 568 2190 609 mag-ister

326 639 444 669 citium
476 633 631 667 consules
661 637 691 666 et
717 634 817 676 jurati
848 634 941 665 cives
971 631 1057 663 dicte
1086 631 1229 663 civitatis
1259 639 1318 674 per
1351 629 1577 672 juramentum
1617 627 1750 661 domino
1785 631 1814 660 et
1854 629 1978 660 civitati
2018 628 2188 672 prestitum

326 701 394 742 post
427 700 565 728 mortem
597 693 741 726 defuncti
772 692 856 725 infru
887 692 956 725 dies
987 690 1236 736 quatuordecim
1267 692 1424 722 estimare
1454 693 1482 721 et
1514 693 1630 722 taxare
1669 687 1809 722 fideliter
1848 686 2059 721 tenebuntur.
2096 686 2189 720 llanc

326 769 408 790 vero
439 757 695 789 extimat-ionem
726 753 878 787 valorem
909 757 938 786 et
969 756 1080 785 taxant
1111 750 1297 784 huiusmodi
1327 752 1438 795 quinte
1467 752 1569 795 partis
1598 751 1820 795 proximiores
1851 747 1994 782 bercdes
2015 752 2069 781 aut
2089 747 2188 781 heres

326 820 519 864 proximior.
551 819 604 860 qui
634 819 664 849 in
697 814 790 848 bonis
819 812 1088 860 possessionibus
1118 816 1148 845 ct
1178 810 1279 844 rebus
1300 810 1445 844 defuncti
1466 809 1659 852 succedent„
1689 812 1772 843 sicut
1797 811 2007 855 premittitur,
2039 809 2191 842 ecclesiis

326 880 406 912 loeis
436 882 464 910 et
496 879 661 922 personis.
692 875 809 921 quibus
839 877 908 920 ipsa
939 877 1049 919 quinta
1080 877 1132 906 aut
1163 883 1239 917 pars
1269 874 1339 905 eius
1369 871 1476 915 legata
1508 875 1569 906 esti
1600 870 1683 904 infra
1714 875 1782 904 tres
1812 881 1944 904 menses
1974 873 2130 903 continue
2155 881 2191 904 se

326 942 517 984 sequentes
556 941 730 983 postquam
770 936 886 969 eadem
925 937 1035 980 quinta
1075 945 1152 980 pars
1190 937 1300 966 taxata
1340 932 1449 973 fuerit,
1485 936 1519 965 ut
1556 931 1735 977 presertim
1775 942 1848 964 cum
1884 931 2002 965 effectu
2042 931 2121 965 dare
2160 935 2191 964 et

327 998 534 1043 integraliter
564 998 762 1045 persolvere
791 995 991 1030 tenebuntur
1021 1000 1049 1028 et
1081 994 1246 1028 debebunt
1278 993 1548 1026 contradiceione
1577 991 1721 1037 qualibet
1758 1003 1824 1025 non
1861 991 2025 1026 obstante.
2064 991 2190 1025 Verum

327 1063 401 1106 quia
432 1071 512 1105 sepe
541 1062 714 1103 contingit.
745 1058 830 1104 quod
860 1056 1006 1091 nonnulli
1035 1055 1139 1102 procli
1179 1055 1273 1088 dolor
1310 1056 1491 1100 improvisa
1528 1065 1567 1087 ac
1603 1053 1778 1087 celerrima
1816 1057 1923 1086 morte
1960 1051 2191 1095 succumbunt„

327 1133 367 1155 ne
397 1125 505 1154 tamen
536 1131 650 1154 eorum
683 1122 803 1154 anime.
834 1130 894 1164 pro
924 1117 1010 1163 quod
1023 1117 1062 1163 ³¹]
1092 1116 1155 1150 (leo
1184 1117 1333 1162 propicio
1363 1117 1518 1149 viventes
1548 1117 1578 1148 in
1610 1114 1673 1147 boc
1711 1114 1825 1148 seculo
1859 1113 1898 1147 ad
1929 1113 2068 1147 salutem
2098 1123 2190 1147 suam

328 1182 523 1216 babuerunt.
563 1181 730 1215 desiderio
769 1182 830 1213 sint
870 1182 1013 1225 private.
1048 1178 1203 1211 volumus
1238 1179 1411 1210 statuimus
1449 1175 1664 1209 concedimus
1700 1179 1732 1208 et
1769 1177 1874 1208 eciam
1910 1174 2102 1208 ordinamus
2131 1183 2191 1219 pro

328 1242 421 1276 nobis
451 1247 483 1275 et
511 1240 765 1276 successoribus
795 1243 917 1274 nostris
946 1242 1190 1285 inperpetuum,
1230 1237 1315 1282 quod
1355 1237 1394 1270 ad
1433 1236 1620 1270 faciendum
1660 1240 1692 1269 et
1720 1235 1918 1269 solvendum
1957 1238 2189 1269 testamentum

328 1314 386 1349 pro
417 1303 525 1336 taliter
554 1305 691 1336 mortuis
718 1301 877 1335 videlicet
907 1302 1158 1334 estimacionem
1188 1303 1219 1332 et
1248 1302 1360 1331 taxam
1389 1299 1501 1342 quinte
1530 1299 1631 1342 partis
1669 1296 1833 1330 honorum
1872 1297 2123 1342 possessionum
2161 1300 2193 1328 et

329 1375 438 1398 rerum
468 1363 657 1397 relictarum
687 1365 819 1397 mortui.
855 1366 886 1395 ut
916 1360 1096 1407 prefertur,
1132 1361 1357 1405 proximiores
1387 1357 1530 1392 heredes
1559 1368 1633 1391 cum
1664 1356 1783 1390 effectu
1813 1357 2008 1402 persolvant
2037 1356 2191 1390 ecclesiis

330 1424 454 1458 fabrice
483 1424 722 1458 ecclesiasticis
750 1426 904 1469 personis
934 1426 965 1456 et
994 1422 1075 1455 locis
1105 1421 1191 1454 dicte
1212 1422 1354 1454 civitatis
1375 1418 1557 1453 secundum
1578 1418 1750 1452 consilium
1777 1420 1925 1464 episcopi
1947 1416 2193 1460 Olomucensis,

329 1488 381 1531 qni
423 1496 482 1531 pro
525 1489 676 1530 tempore
719 1483 817 1517 fuerit
854 1487 884 1517 et
923 1487 1021 1528 prout
1057 1484 1271 1515 consciencie
1307 1492 1366 1514 sue
1401 1491 1461 1526 pro
1499 1482 1608 1513 anime
1647 1478 1792 1513 defuncti
1835 1479 1985 1512 remedio
2027 1477 2194 1512 videbitur

329 1545 491 1579 salubrius
528 1545 701 1591 expedire.
749 1543 888 1590 Insuper
916 1544 1088 1579 adicimus.
1127 1542 1213 1588 quod
1252 1544 1278 1575 si
1308 1544 1380 1587 quis
1410 1540 1510 1574 heres
1538 1543 1725 1586 proximior
1754 1540 1892 1574 alicuius
1922 1538 2068 1573 defuncti
2106 1538 2192 1572 dicte

329 1610 471 1640 civitatis
500 1611 614 1640 nostre
643 1605 787 1650 Muglicz
818 1616 883 1639 non
913 1608 1103 1650 acceptaret
1133 1608 1163 1637 et
1194 1613 1230 1636 se
1260 1604 1494 1636 intromitteret
1523 1601 1563 1634 de
1592 1600 1687 1635 bonis
1716 1599 1986 1646 possessionibus
2022 1604 2054 1633 et
2091 1599 2191 1633 rebus

330 1667 473 1701 defuncti
503 1671 586 1701 civis
616 1667 833 1711 Muglicensis
863 1666 948 1700 infra
978 1665 1116 1699 duorum
1148 1666 1309 1697 mensium
1339 1665 1486 1708 spacium
1523 1666 1599 1708 post
1631 1661 1754 1695 obitum
1785 1661 1861 1695 dicti
1891 1660 2037 1695 defuncti
2067 1664 2099 1694 et
2129 1670 2193 1694 non

331 1729 454 1761 faceret
485 1728 704 1761 residenciam
745 1727 876 1761 civilem
914 1731 944 1760 et
983 1725 1193 1772 personalem
1230 1727 1261 1758 in
1299 1723 1414 1758 eadem
1453 1726 1588 1757 civitate
1626 1726 1751 1765 nostra,
1790 1722 1866 1765 jura
1905 1723 2126 1755 necessitates
2165 1725 2195 1754 et

331 1800 432 1822 onera
462 1791 604 1822 civitatis
634 1793 792 1821 consueta
832 1792 863 1821 et
899 1787 993 1821 solita
1032 1789 1244 1832 supportaret
1282 1789 1313 1818 et
1346 1787 1531 1830 prescripte
1569 1787 1682 1817 nostre
1721 1784 1953 1816 constitucioni
1989 1781 2194 1815 ordinacioni

331 1854 361 1883 et
391 1853 505 1894 gracie
534 1861 599 1883 non
630 1854 789 1883 uteretur.
821 1853 917 1895 prout
945 1859 1044 1894 supra
1075 1847 1266 1881 distinccius
1295 1850 1345 1879 est
1374 1855 1584 1891 expressum„
1624 1848 1747 1877 extunc
1776 1843 1848 1876 talis
1876 1845 2065 1889 proximior
2093 1841 2194 1876 heres

331 1910 386 1944 vel
415 1910 558 1943 heredes
587 1912 694 1943 statim
725 1914 797 1955 post
828 1910 953 1955 lapsum
985 1909 1061 1942 dicti
1090 1909 1261 1953 temporis„
1300 1907 1374 1940 dum
1414 1910 1522 1939 tamen
1561 1905 1601 1938 de
1640 1904 1693 1938 tali
1723 1915 1781 1938 sua
1811 1903 1982 1938 voluntate
2011 1905 2195 1937 constiterit

331 1971 385 2004 vel
415 1970 500 2004 facta
531 1970 628 2003 fuerit
659 1969 743 2003 bona
775 1970 867 2013 tides,
904 1972 1051 2015 presenti
1086 1973 1202 2002 nostro
1239 1967 1417 2013 privilegio
1446 1970 1650 2012 inposterum
1680 1976 1746 1999 non
1775 1964 1979 2010 gaudebunt,
2017 1964 2074 1998 sed
2104 1963 2191 1997 bona

331 2032 475 2065 defuncti
505 2031 544 2064 ad
574 2042 634 2064 nos
658 2035 688 2064 et
718 2042 935 2064 successores
965 2034 1097 2063 nostros
1126 2031 1304 2075 episcopos
1326 2027 1580 2070 Olomucenscs
1610 2029 1665 2071 qui
1694 2036 1754 2071 pro
1784 2029 1935 2071 tempore
1955 2024 2088 2068 fuerint⁷
2119 2035 2195 2058 esse

331 2092 449 2126 debent
480 2092 584 2126 libere
615 2092 770 2126 devoluta
797 2092 891 2135 juxta
922 2102 1048 2124 morem
1076 2091 1130 2133 jus
1151 2094 1181 2123 et
1204 2088 1477 2122 consuetudinem
1498 2099 1558 2133 per
1578 2086 1842 2133 predecessores
1862 2090 1996 2119 nostros
2017 2087 2194 2130 antiquitus

330 2153 540 2187 observatos.
579 2153 674 2186 salvo
713 2163 847 2197 semper
876 2151 961 2197 quod
993 2153 1103 2196 quinta
1137 2161 1215 2195 pars
1244 2149 1405 2183 bonorum
1436 2148 1594 2186 defuncti„
1624 2150 1708 2181 sicut
1736 2148 1946 2192 premittitur,
1985 2157 2045 2191 pro
2086 2148 2196 2179 anime

329 2213 501 2248 cuiuslibet
532 2213 677 2247 defuncti
708 2213 856 2246 remedio
886 2223 959 2245 cum
991 2211 1109 2245 effectu
1141 2211 1236 2243 detur
1265 2214 1294 2243 et
1325 2214 1389 2242 tam
1419 2220 1478 2255 per
1506 2220 1567 2242 nos
1596 2219 1692 2253 quam
1722 2219 1783 2253 per
1811 2217 2029 2241 successores
2063 2211 2196 2240 nostros

332 2278 402 2308 sine
441 2274 664 2307 diminucione
701 2274 837 2307 realiter
874 2272 1097 2318 persolvatur.
1141 2271 1177 2304 In
1212 2281 1350 2315 quorum
1389 2272 1609 2303 testimonium
1644 2273 1794 2302 nostrum
1832 2268 1975 2313 sigillum
2016 2278 2081 2301 una
2120 2277 2193 2301 cum

333 2335 441 2379 sigillo
471 2335 546 2368 dicti
576 2335 709 2380 capituli
740 2336 843 2367 nostri
874 2332 1107 2367 Olomucensis
1136 2330 1346 2377 presentibus
1375 2335 1447 2363 sunt
1477 2341 1648 2376 appressa.
1689 2329 1728 2362 Et
1758 2340 1819 2363 nos
1849 2329 2005 2363 Andreas
2036 2328 2195 2371 decanus,

335 2395 474 2429 Mathias
503 2398 691 2441 prepositus
721 2406 758 2428 ae
789 2394 965 2440 capitulum
997 2393 1140 2427 ecclesie
1161 2391 1393 2425 Olomucensis
1422 2392 1593 2436 premissis
1623 2392 1834 2423 concessioni
1864 2389 2039 2423 donacioni
2074 2392 2195 2422 statuto

334 2461 363 2489 et
394 2459 508 2500 ‘gracie
537 2459 768 2489 consensimus
798 2460 828 2488 et
854 2453 1064 2501 presentibus
1085 2455 1321 2487 consentimus.
1352 2450 1391 2484 Et
1412 2454 1443 2484 in
1465 2451 1594 2484 roboris
1615 2450 1801 2484 firmitatem
1823 2454 1984 2496 perpetue
2005 2449 2194 2483 duraturam

334 2528 372 2549 ac
417 2517 556 2550 evidens
594 2519 817 2550 testimonium
854 2518 1093 2561 premissorum
1130 2517 1305 2559 presentes
1343 2512 1454 2545 literas
1491 2512 1599 2557 sigillo
1642 2514 1746 2545 nostri
1789 2511 1921 2557 capituli
1964 2521 2037 2544 cum
2082 2509 2191 2554 sigillo

338 2577 412 2610 dicti
443 2577 563 2610 domini
605 2581 635 2610 et
666 2579 768 2622 patris
796 2579 901 2610 nostri
931 2576 1053 2609 domini
1083 2573 1211 2608 Nicolai
1246 2575 1393 2618 episcopi
1429 2572 1660 2606 Oloniueensis
1697 2572 1737 2606 de
1771 2577 1862 2606 certa
1900 2576 2012 2606 nostra
2049 2572 2193 2604 sciencia

495 2690 511 2706 ÷÷
551 2690 618 2714 Hier
643 2690 751 2714 selieint
777 2690 820 2713 ein
847 2689 943 2722 lapsus
969 2689 1071 2712 caluitii
1097 2688 1146 2713 (les
1171 2687 1334 2713 Selii-eilwrs
1359 2696 1392 2712 zu
1417 2687 1486 2711 sein.
