2336 3074
136 342 232 383 prout
263 348 362 383 supra
392 337 583 371 distinceius
613 341 663 370 est
692 347 902 382 expressum7
932 341 1054 370 extunc
1085 336 1156 369 talis
1184 337 1370 382 proximior
1398 334 1499 369 heres
1524 334 1577 368 vel
1606 333 1750 368 heredes
1779 335 1887 367 statim
1923 338 1997 378 post

137 398 263 444 lapsum
294 398 370 431 dicti
401 400 572 443 temporis„
602 397 677 430 dum
708 401 817 431 tamen
847 396 888 430 de
909 396 962 429 tali
983 408 1041 430 sua
1064 396 1233 430 voluntate
1262 398 1446 430 constiterit
1469 395 1524 429 vel
1554 394 1639 429 facta
1670 394 1768 428 fuerit
1787 393 1872 427 bona
1904 392 1997 437 sides,

136 461 282 504 presenti
308 462 423 492 nostro
452 458 630 503 privilegio
660 460 863 503 inposterum
894 468 958 490 non
989 456 1191 501 gaudetmnt„
1222 456 1281 491 scd
1302 455 1387 490 bona
1417 455 1565 489 defuncti
1586 455 1624 489 ad
1647 466 1707 489 nos
1727 459 1759 489 et
1779 465 1997 489 successores

136 523 269 553 nostros
299 521 475 564 episcopos
506 518 761 561 Olomucenses,
799 520 852 563 qui
880 528 940 563 pro
970 522 1120 564 tempore
1158 517 1290 561 fuerint,
1328 528 1405 550 esse
1434 516 1556 550 debent
1584 515 1688 550 libere
1717 515 1873 549 devoluta
1897 516 1993 559 juxta

138 590 265 613 morem
289 581 345 623 Jus
375 583 406 612 et
435 578 710 612 consuetudinem
740 589 800 624 per
828 578 1089 624 predecessores
1118 582 1252 611 nostros
1281 579 1459 623 antiquitus
1489 576 1700 619 observatos,
1738 576 1833 610 salvo
1862 586 1996 621 semper

137 640 223 685 quod
253 642 364 685 quinta
394 650 471 685 pars
499 638 662 671 bonorum
693 638 850 682 defuncti,
880 641 964 672 sicut
992 641 1201 684 premittitur„
1241 649 1300 684 pro
1330 640 1439 671 anime
1468 637 1642 672 cuiuslibet
1670 637 1816 671 defuncti
1845 635 1994 670 remedio

136 711 210 734 cum
240 699 359 733 effectu
389 699 484 732 detur
513 703 546 732 et
574 703 638 731 tam
667 710 728 744 per
756 710 816 732 nos
846 710 942 744 quam
973 710 1033 744 per
1068 710 1285 733 successores
1323 703 1456 733 nostros
1493 701 1565 732 sine
1601 698 1822 731 diminucione
1860 696 1995 730 realiter

137 760 360 806 persolvatur.
391 759 427 793 In
456 769 596 804 quorum
627 762 849 793 testimonium
878 763 1027 793 nostrum
1058 759 1201 804 sigillum
1231 771 1294 793 una
1324 770 1398 793 cum
1427 759 1536 803 sigillo
1566 758 1670 792 dicti.
1696 785 1702 791 .
1728 757 1860 803 capituli
1888 758 1993 790 nostri

138 820 372 855 Olomucensis
400 818 611 865 presentibus
641 824 715 853 sunt
743 831 901 865 appensa.
938 819 979 853 Et
1008 830 1068 854 nos
1098 820 1254 853 Andreas
1290 819 1449 863 decanus,
1487 818 1630 853 Mathias
1659 820 1848 864 prepositus
1876 828 1915 850 ac
1946 844 1952 850 .
1986 844 1991 849 .

137 881 314 927 capitulum
345 880 489 914 ecclesie
519 879 627 914 Olom.
658 883 830 926 premissis
860 883 1071 914 concessioni
1105 880 1281 914 donacioni
1319 883 1440 914 statuto
1479 883 1511 913 et
1544 881 1658 923 gracie
1697 880 1926 912 consensimus
1964 881 1995 909 et

138 941 348 988 presentibus
377 944 604 975 consentimus
635 945 666 974 et
694 944 726 974 in
755 940 886 975 roboris
915 940 1101 974 firmitatem
1130 945 1292 986 perpetuo
1321 940 1511 974 duraturam
1541 950 1580 973 ac
1609 938 1748 972 evidens
1773 940 1994 971 testimonium

136 1005 377 1048 premissorum
406 1006 582 1047 presentes
610 1001 723 1035 literas
752 1002 862 1046 sigillo
891 1003 995 1035 nostri
1024 1001 1155 1047 capituli
1185 1012 1259 1034 cum
1288 1000 1397 1045 sigillo
1427 1000 1503 1033 dicti
1532 999 1654 1033 domini
1683 1002 1714 1032 et
1751 1001 1854 1044 patris
1891 1000 1995 1031 nostri

137 1062 260 1096 domini
288 1061 419 1096 Nicolai
439 1064 587 1108 episcopi
618 1061 726 1096 Olom.
758 1062 798 1095 de
828 1066 918 1096 certa
948 1066 1061 1095 nostra
1092 1064 1237 1095 sciencia
1267 1060 1405 1095 fecimus
1434 1062 1642 1093 communiri.
1672 1059 1794 1093 Actum
1825 1062 1857 1092 et
1885 1058 1994 1091 datum

138 1122 300 1157 Olomucz
329 1133 416 1156 anno
437 1122 560 1156 domini
581 1122 756 1156 millesimo
777 1125 1012 1156 trecentesimo
1034 1124 1263 1166 octuagesimo
1284 1131 1384 1164 nono,
1413 1119 1497 1154 feria
1517 1122 1620 1153 tercia
1641 1122 1793 1164 proxima
1814 1123 1888 1164 post
1908 1118 1994 1152 diem

136 1194 163 1217 s.
193 1182 334 1217 Nicolai.

447 1234 537 1269 (Orig.
563 1236 644 1269 Perg.
670 1235 714 1260 die
739 1236 807 1261 zwei
833 1235 890 1265 Sia.
917 1235 1080 1266 :ibgerissen
1105 1235 1140 1260 ini
1165 1234 1315 1260 fursterzb.
1341 1234 1464 1259 Archive
1489 1234 1516 1259 in
1542 1232 1709 1266 Kremsier.)

1014 1406 1121 1441 580.

136 1510 287 1555 Bischof
310 1510 479 1544 Mltolaus
517 1510 642 1555 best-eit
678 1511 732 1544 die
768 1510 871 1544 Stadt
904 1510 1031 1543 Ostrea
1070 1521 1143 1543 vom
1172 1509 1367 1554 Heimfalle.
1426 1508 1482 1542 Dt.
1517 1507 1660 1550 Οίιηῑῑὶε,
1701 1508 1732 1541 7.
1764 1507 1848 1541 Dec.
1886 1506 1993 1541 1389.

313 1586 356 1639 'n
384 1608 518 1639 nomine
556 1606 679 1640 domini
716 1617 824 1640 amen.
880 1605 950 1639 Nos
978 1604 1135 1639 Nicolaus
1171 1604 1223 1638 dei
1260 1608 1292 1637 et
1329 1604 1511 1649 apostolice
1545 1603 1633 1638 sedis
1670 1606 1784 1648 gracia
1818 1606 1995 1649 episcopus

136 1666 371 1700 Olomucensis
400 1666 438 1699 ad
468 1670 663 1712 perpetuam
692 1669 741 1700 rei
771 1669 964 1699 memoriam
993 1665 1248 1699 notumfacimus
1277 1669 1394 1698 tenore
1423 1667 1633 1710 presencium
1663 1666 1841 1697 universis.
1899 1662 1940 1696 Et
1968 1665 1995 1696 si

135 1726 375 1760 observancias
404 1731 436 1760 et
464 1727 722 1761 consuetudines
751 1731 905 1761 servatas
940 1726 980 1759 ab
1009 1729 1142 1771 antiquo
1177 1736 1238 1771 pro
1268 1725 1443 1759 commodo
1481 1728 1529 1758 eis
1557 1727 1723 1758 utencium
1753 1727 1870 1757 mutari
1907 1734 1995 1757 con-

109 1805 111 1808 <
135 1790 247 1832 tigerit
274 1787 330 1821 vel
358 1790 390 1820 in
420 1787 536 1821 melius
564 1787 754 1830 reformari,
784 1798 850 1820 non
879 1791 929 1820 est
957 1785 1221 1832 reprehensibile
1250 1785 1309 1819 sed
1338 1788 1455 1819 merito
1481 1784 1790 1827 commendandunn
1820 1795 1894 1817 cum
1918 1785 1995 1828 jura

135 1853 167 1882 et
195 1853 314 1882 statuta
345 1851 531 1882 maturitate
560 1848 689 1893 digesta
728 1859 787 1894 pro
816 1848 971 1893 qualitate
1006 1847 1155 1881 locorum
1185 1851 1217 1880 et
1253 1857 1471 1892 personarum
1511 1857 1591 1891 sepe
1620 1849 1786 1878 mutentur
1814 1849 1845 1878 et
1878 1844 1994 1878 refor—

135 1913 265 1943 mentur
285 1920 338 1951 ρο,
368 1908 455 1954 quod
484 1913 600 1942 natura
622 1919 755 1954 semper
784 1908 984 1953 deproperat
1012 1918 1118 1942 novas
1138 1907 1240 1941 edere
1269 1906 1394 1940 formas
1423 1910 1456 1939 et
1477 1906 1575 1940 nichil
1604 1908 1644 1939 sit
1672 1909 1702 1939 in
1732 1917 1842 1939 rerum
1864 1910 1994 1947 natura„

134 1970 220 2015 quod
250 1973 282 2003 in
311 1980 376 2003 uno
406 1974 491 2003 statu
519 1972 700 2015 persistere
730 1970 840 2003 valeat
869 1973 901 2002 et
929 1980 1075 2002 manere.
1112 1967 1201 2001 Sane
1231 1967 1351 2000 dudum
1380 1978 1424 2000 ex
1452 1978 1513 2001 usu
1542 1970 1574 2000 et
1603 1966 1841 2000 consuetudine
1870 1964 1994 1999 obser-

134 2033 253 2064 vancia
283 2035 313 2064 et
339 2031 415 2074 jure
445 2034 534 2063 terre
563 2029 782 2063 introductum
812 2029 871 2063 fuit
899 2033 932 2062 et
960 2032 1066 2062 eciam
1096 2027 1311 2061 observatum
1340 2030 1372 2061 in
1402 2029 1536 2061 civitate
1565 2031 1676 2060 nostra
1708 2026 1872 2060 Ostravia.
1911 2028 1994 2059 sicut

135 2094 165 2124 in
194 2091 266 2125 aliis
295 2090 484 2124 civitatibus
515 2095 546 2124 et
574 2091 656 2124 locis
677 2093 888 2136 episcopatus
917 2089 1061 2123 ecclesie
1089 2092 1204 2122 nostre
1234 2087 1478 2131 Olomucensss,
1508 2088 1593 2133 quod
1616 2087 1746 2132 quando
1775 2089 1847 2132 quis
1874 2088 1996 2131 incepit

135 2150 304 2195 infirmari,
334 2154 387 2196 qui
417 2162 483 2185 non
512 2150 622 2184 habuit
652 2150 796 2184 heredes
825 2150 992 2195 legitimos
1020 2149 1075 2183 vel
1104 2152 1130 2184 si
1157 2148 1269 2183 habuit
1298 2153 1329 2182 et
1358 2148 1489 2182 fuerunt
1519 2147 1559 2181 ab
1589 2159 1629 2181 eo
1659 2147 1768 2190 diw'sh
1798 2158 1863 2180 non
1892 2148 1995 2192 potuit

135 2211 175 2245 de
204 2210 299 2245 bonis
329 2216 361 2245 et
389 2211 489 2245 rebus
518 2214 586 2245 suis
615 2211 731 2255 legare
760 2210 886 2244 donare
916 2212 1028 2244 testari
1067 2221 1129 2243 nec
1167 2210 1344 2255 disponere
1382 2219 1442 2254 pro
1477 2219 1535 2241 sua
1566 2208 1677 2241 ultima
1715 2207 1896 2250 voluntate,
1935 2206 1993 2240 sed

135 2275 209 2317 post
246 2276 386 2305 mortem
422 2271 507 2305 bona
546 2283 605 2317 per
642 2274 747 2317 ipsum
787 2270 944 2304 derelicta
987 2270 1025 2303 ad
1068 2270 1330 2316 predecessores
1372 2273 1503 2303 nostros
1541 2272 1716 2314 episcopos
1754 2268 1994 2302 Olomucenses

135 2335 318 2366 existentes
346 2343 407 2378 pro
437 2337 599 2379 tempore3
630 2334 789 2377 quociens
807 2336 837 2364 et
863 2331 993 2376 quando
1024 2330 1094 2363 talis
1123 2341 1220 2364 casus
1249 2332 1412 2371 evenerit,
1443 2328 1575 2363 fuerunt
1602 2329 1737 2362 realiter
1756 2328 1922 2362 devoluta.
1954 2326 1993 2360 Et

134 2393 210 2426 licet
239 2392 303 2426 hoc
332 2392 403 2426 aliis
431 2397 569 2438 propter
598 2392 761 2426 modicum
801 2392 927 2425 lucrum
966 2391 1044 2424 utile
1072 2390 1259 2433 videbatur,
1298 2394 1407 2423 tamen
1446 2400 1489 2423 ex
1518 2400 1558 2422 eo
1587 2389 1686 2422 multa
1716 2388 1923 2422 incommoda
1963 2392 1993 2420 et

134 2453 280 2498 pericula
310 2452 546 2498 sequebantur,
576 2458 671 2499 prout
701 2453 811 2486 docuit
841 2454 1054 2497 experieneia
1084 2450 1285 2496 quotidiana,
1323 2461 1386 2494 que
1415 2460 1525 2483 rerum
1565 2452 1710 2482 omnium
1740 2453 1788 2482 est
1824 2450 1992 2492 magistra.

134 2513 218 2547 Nam
249 2513 339 2547 multi
368 2512 599 2547 habundantes
629 2512 729 2547 rebus
758 2511 995 2558 temporalibus
1025 2516 1056 2545 et
1085 2515 1238 2544 carentes
1277 2509 1454 2543 heredibus
1483 2510 1639 2554 legitimis
1668 2509 1743 2542 talia
1779 2508 1994 2542 formidantes

136 2578 337 2620 receperunt
365 2574 538 2608 licenciam
559 2578 591 2608 et
619 2574 658 2608 ad
688 2574 760 2607 loca
791 2573 998 2606 dominorum
1020 2572 1157 2605 aliorum
1187 2575 1285 2615 atque
1315 2570 1457 2604 dominia
1487 2574 1711 2612 recesserunt,
1741 2569 1793 2602 alii
1814 2580 1909 2612 ver0‚
1940 2571 1994 2613 qui

135 2637 283 2679 graciam
328 2633 513 2667 habuerunt
551 2634 692 2668 intrandi
734 2636 901 2667 civitatem
945 2632 984 2666 de
1026 2631 1120 2665 bonis
1163 2631 1290 2674 alienis,
1332 2633 1365 2664 in
1407 2630 1523 2676 quibus
1566 2630 1724 2664 hactenus
1767 2629 1992 2667 morabantur,

135 2695 340 2729 detestantes
369 2694 466 2728 talem
497 2694 783 2737 consuetudinem„
814 2697 845 2727 in
866 2696 933 2727 suis
962 2693 1044 2726 loeis
1073 2696 1316 2734 remanserunt,
1346 2691 1399 2725 alii
1418 2702 1502 2725 vero
1525 2695 1695 2724 manentes
1716 2694 1747 2724 in
1768 2694 1837 2736 ipsa
1858 2692 1992 2723 civitate

1787 2757 1820 2782 63
