2336 3074
1256 209 1323 242 176

1247 332 1347 367 195.

359 441 544 484 Jlurlfgsrns
568 440 680 472 Jodoh·
709 439 857 483 lwfielell.
888 439 970 472 dass
1000 439 1054 472 die
1087 440 1191 471 (iuter
1225 437 1361 470 Dolein.
1396 435 1507 469 Tot-(²1⁸-
1545 440 1608 469 etr.
1649 437 1711 470 der
1741 436 1944 470 Karthanse
1975 438 2005 470 ιή
2037 437 2222 482 1,(3ῖΙοηψέί

642 501 673 532 iu
705 500 759 533 die
791 498 978 543 Lutedlnfel
1006 499 1174 542 eiuaeleyt
1205 498 1351 531 werden.
1412 497 1470 531 Dl.
1502 497 1622 531 Iit-mm
1653 497 1686 531 3.
1719 497 1803 531 June?
1832 496 1941 531 1380.

519 576 687 628 Joilocus
717 595 768 628 dci
798 598 912 638 gracia
944 594 1092 628 marchio
1122 599 1154 627 et
1183 593 1336 627 dominus
1366 593 1519 627 Moravie
1548 598 1659 627 notum
1691 594 1831 627 facimus
1861 598 1978 628 tenore
2007 597 2219 640 presencium

357 659 533 689 universis,
564 657 649 701 quod
680 656 718 689 ad
758 656 978 689 donacionem
1016 655 1168 689 villarum
1209 654 1353 699 Dolany.
1393 654 1563 697 Tliowirs‚
1600 654 1830 688 Morawiczan
1869 659 1901 688 et
1938 654 2101 701 Palonyn,
2139 667 2220 701 quas

356 717 556 749 venerabilis
587 717 738 750 dominus
781 716 939 750 ,tibertus
977 716 1142 762 quondam
1179 715 1469 761 Initliomyslensis
1505 718 1682 761 episcopus
1720 716 1887 761 religiosis
1924 727 1956 749 n.
1993 718 2096 762 priori
2126 720 2157 750 et
2186 728 2217 750 n.

354 780 533 810 conventui
563 788 653 811 nove
682 789 740 810 sue
770 778 988 823 plantacionis
1018 789 1122 823 prope
1152 776 1360 821 Luthomysl.
1387 776 1512 810 ordinis
1534 775 1793 817 Carthusiensis,
1815 776 1948 811 dedisse
1977 781 2007 810 et
2038 777 2219 811 contulisse

353 837 546 871 dinoscitur.
578 843 727 871 nostrum
758 849 958 872 consensum
990 838 1141 871 dedimus
1171 842 1204 871 et
1232 837 1441 871 donavimus.
1481 837 1608 873 damus.
1648 837 1809 871 donamus
1847 840 1970 871 virtute
2007 840 2218 883 presencium

353 903 383 931 et
415 898 585 941 largimur.
616 901 826 932 comittentcs
857 901 1044 932 camerario
1075 909 1245 944 supremo.
1276 897 1453 941 czudariis‚
1483 901 1621 931 notariis
1653 902 1686 932 et
1713 898 1785 932 aliis
1805 897 2086 932 urzedniconibus
2115 897 2220 932 czude

354 958 586 992 Olomncensis
616 958 826 1004 presentibus
856 961 997 995 seriose.
1028 963 1190 1004 quatenus
1219 958 1366 1005 prefatas
1395 959 1492 993 villas
1521 959 1719 1005 supradictis
1739 970 1770 993 n.
1792 962 1895 1005 priori
1925 963 1958 993 et
1977 970 2008 993 n.
2039 961 2220 993 conventui

354 1018 545 1053 intabnlcnt.
576 1023 606 1052 et
636 1022 832 1052 auctoritaie
870 1030 1005 1052 suorum
1045 1018 1231 1053 officiorum
1267 1019 1442 1053 intabulari
1481 1020 1667 1066 disponant‚
1707 1021 1782 1054 dum
1820 1023 1962 1066 primum
1997 1019 2221 1054 celebrabitur

353 1079 552 1125 colloquium
583 1079 803 1113 dominorum.
854 1079 1068 1114 Presencium
1099 1080 1159 1115 sub
1189 1091 1338 1126 appenso
1368 1085 1482 1115 nostro
1511 1081 1619 1126 sigillo
1650 1083 1839 1116 testimonio
1868 1081 2050 1114 literarum.
2098 1080 2218 1114 Datum

353 1139 488 1173 Brunne
517 1151 604 1173 anno
635 1140 757 1173 domini
788 1140 962 1174 millesimo
993 1143 1220 1175 tricentesimo
1249 1144 1480 1185 octuagesimo
1510 1142 1674 1175 dominica
1703 1141 1849 1188 Respice
1879 1145 1910 1176 in
1939 1152 2003 1175 me.

1389 1201 1441 1235 Ad
1472 1202 1675 1236 relacionem
1706 1202 1828 1236 domini
1856 1201 2012 1237 Jesconis

1488 1263 1529 1296 de
1558 1262 1707 1297 Luckaw
1735 1262 1905 1296 Nicolaus.

665 1340 755 1375 (Orig.
780 1342 861 1374 Pon-g.
886 1342 972 1373 hang.
998 1341 1091 1375 Siegel
1117 1341 1152 1366 iin
1178 1341 1204 1366 k.
1222 1341 1249 1368 k.
1274 1341 1339 1375 geli.
1365 1342 1499 1367 Ai'cliive.
1519 1357 1555 1362 —
1575 1342 1761 1376 Abgedruekt
1784 1342 1827 1367 bei
1854 1343 1919 1368 Pez.
1945 1341 2015 1369 Cod.
2043 1341 2113 1375 dipl.
2137 1340 2219 1368 Tom.

767 1393 818 1420 Vl.
843 1402 871 1427 p.
898 1392 960 1427 oa.)

1241 1513 1344 1549 196.

394 1615 572 1650 Nic-olaus.
605 1616 725 1649 Proba!
756 1628 819 1649 ron
850 1616 983 1659 ΒΓᾶηη,
1014 1616 1237 1660 entseheidet‚
1267 1618 1349 1651 dass
1379 1617 1548 1651 Nieolaus
1579 1628 1640 1651 eon
1673 1617 1895 1651 Eibenseleitz-
1925 1618 1986 1651 cler
2015 1617 2164 1661 leyz'time

745 1676 892 1721 Psarrer
921 1678 953 1710 in
984 1677 1145 1711 Moleelno
1174 1679 1235 1712 sei.
1295 1678 1352 1712 Dt.
1384 1678 1504 1712 Bric'mz
1534 1678 1568 1712 5.
1599 1678 1683 1712 Jum'
1712 1677 1821 1712 1380.

508 1753 667 1806 Nomine
697 1773 819 1806 domini
849 1784 958 1806 amen.
992 1774 1091 1807 Anno
1121 1776 1303 1807 nativitatis
1333 1774 1482 1808 eiusdem
1510 1774 1685 1809 millesimo
1715 1777 1952 1809 trecentesimo
1973 1776 2218 1819 octuagesimo,

353 1832 539 1866 indiccione
569 1837 683 1867 tercia.
714 1833 766 1867 die
797 1836 907 1879 quinta
939 1837 1063 1868 mensis
1092 1834 1192 1877 Junii,
1223 1834 1432 1880 pontificatus
1462 1838 1662 1869 sanctissimi
1691 1838 1723 1868 in
1749 1834 1881 1869 Christo
1910 1837 2014 1881 patris
2043 1838 2076 1868 et
2095 1834 2219 1868 domini

352 1896 457 1926 nostri
487 1893 607 1927 domini
637 1894 761 1927 Urbani
792 1895 890 1939 digna
921 1894 974 1928 dei
1003 1895 1221 1940 providencia
1251 1906 1336 1941 pape
1366 1898 1453 1929 sexti
1481 1906 1568 1929 anno
1599 1898 1716 1938 tercio,
1746 1895 1828 1929 hora
1858 1906 1945 1929 nona
1975 1895 2031 1929 vel
2059 1897 2165 1940 quasi,
2186 1897 2218 1928 in

353 1953 451 1987 domo
481 1954 602 1988 domini
631 1954 760 1988 Nicolai
790 1958 950 2001 prepositi
981 1956 1127 1989 ecclesie
1157 1958 1279 1989 montis
1308 1959 1414 1990 sancti
1442 1956 1531 1990 Petri
1565 1959 1597 1990 in
1635 1955 1761 1994 Bruna,
1798 1956 2031 1990 Olomucensis
2061 1956 2217 1998 diocesis,

353 2017 384 2047 in
415 2015 574 2048 cenaculo
604 2018 779 2060 superiori.
811 2018 842 2048 in
882 2018 946 2049 mei
982 2016 1103 2062 publici
1141 2019 1260 2050 notarii
1300 2020 1498 2062 testiumque
1535 2021 1710 2063 presencia
1749 2017 2012 2062 subscriptorum
2051 2018 2219 2050 constituti

352 2075 574 2119 personaliter
602 2078 664 2108 viri
695 2075 827 2109 discreti
856 2075 1015 2110 Nicolaus
1045 2077 1085 2111 de
1113 2077 1317 2111 Ewanczicz
1347 2083 1379 2111 et
1407 2077 1566 2112 Nicolaus
1595 2078 1635 2112 de
1664 2077 1872 2112 Nicolowicz
1910 2077 2100 2123 presbyteri
2131 2077 2218 2111 dicte

353 2134 496 2168 diocesis
526 2146 638 2168 coram
668 2135 918 2170 honorabilibus
949 2141 1030 2172 viris
1060 2142 1092 2172 et
1121 2137 1264 2171 dominis
1292 2137 1433 2172 Nicolao
1461 2141 1632 2184 preposito
1662 2138 1806 2172 ecclesie
1844 2138 1993 2184 predicte
2023 2140 2217 2172 executoris

353 2194 429 2228 dicti
459 2195 581 2229 domini
609 2194 737 2229 Nicolai
769 2196 809 2228 de
838 2196 1040 2232 Ewanczicz
1069 2210 1086 2232 a
1117 2199 1198 2233 sede
1227 2199 1411 2244 apostolica
1441 2199 1630 2245 specialiter
1659 2200 1814 2244 deputato
1855 2203 1887 2232 et
1916 2198 2044 2232 Jacobo
2082 2202 2217 2232 rectore

352 2255 553 2301 parochialis
583 2256 726 2289 ecclesie
756 2259 787 2289 in
818 2256 1071 2292 Hertwikwicz.
1110 2263 1228 2305 sponte
1268 2263 1300 2293 et
1335 2259 1491 2293 benivole
1529 2263 1774 2293 consenserunt
1810 2262 1842 2292 in
1881 2258 2018 2292 eosdem
2049 2262 2144 2304 parte
2173 2268 2217 2291 ex

352 2320 492 2360 utraque
521 2316 561 2349 ad
590 2315 825 2349 declarandum
857 2322 889 2351 et.
918 2318 1164 2353 decernendum
1187 2331 1245 2353 seu
1268 2322 1373 2353 eciam
1403 2319 1687 2365 pronunciandum
1717 2330 1818 2364 super
1847 2321 1971 2364 graciis
2001 2317 2216 2363 generalibus

353 2380 384 2408 et
413 2375 611 2421 specialibus
640 2379 700 2422 ipsi
731 2387 792 2421 per
821 2378 1003 2422 predictum
1035 2380 1201 2413 dominum
1242 2379 1411 2413 Urbanum
1450 2380 1490 2414 ad
1528 2380 1759 2423 collacionem‚
1795 2382 2038 2425 provisionem„
2068 2389 2217 2424 presen-

352 2439 516 2469 tacionem
556 2441 588 2470 et
622 2440 773 2481 quamvis
812 2437 908 2470 aliam
947 2439 1204 2484 disposicionem
1241 2440 1475 2485 religiosarum
1514 2441 1720 2474 dominarum
1756 2439 1924 2474 abbatisse
1961 2444 1994 2473 et
2031 2443 2217 2473 conventus

352 2499 543 2530 monasterii
573 2502 687 2530 sancte
716 2496 823 2531 Marie
853 2500 884 2531 in
915 2498 991 2531 ()sla
1023 2500 1118 2533 factis
1148 2505 1177 2533 et
1208 2503 1366 2546 provisis.
1406 2501 1469 2542 Qui
1498 2501 1628 2546 quidem
1658 2501 1810 2535 dominns
1840 2500 1999 2534 Nicolaus
2027 2501 2217 2545 prepositus

352 2560 383 2589 et
412 2556 556 2590 Jacobus
586 2557 725 2603 predicti
753 2557 870 2590 litteris
899 2559 1113 2602 generalibus
1143 2565 1175 2593 et
1203 2561 1417 2606 processibus
1446 2564 1527 2595 visis
1557 2566 1588 2594 et
1616 2561 1785 2607 perlectis³
1816 2571 1897 2606 quas
1926 2563 1987 2606 ipsi
2016 2564 2157 2605 protunc
2185 2561 2218 2592 in

352 2627 467 2649 eorum
498 2616 652 2650 tenebant
683 2616 845 2651 manibus.
887 2620 966 2651 inito
1004 2630 1085 2652 sano
1124 2621 1262 2654 consilio
1303 2626 1333 2655 et
1370 2621 1618 2655 deliberacione
1654 2625 1781 2654 matura
1816 2623 1933 2666 previa
1972 2620 2012 2654 de
2050 2630 2217 2653 consensu

351 2679 500 2722 parcium
529 2679 577 2711 sic
605 2680 925 2722 pronunciaverunt,
955 2678 1212 2713 declaraverunt
1242 2685 1274 2715 et
1304 2682 1542 2725 decreverunt,
1564 2681 1731 2715 dominum
1752 2680 1927 2715 Nicolaum
1949 2680 1989 2714 de
2010 2679 2214 2715 Ewanczicz
