2336 3074
993 220 1061 254 261

97 329 201 359 eciam
232 329 263 359 et
292 337 459 359 consensu
489 325 693 358 honorabilis
723 325 845 358 domini
884 325 1001 357 decani
1031 329 1064 357 et
1091 325 1225 370 capituli
1254 327 1356 370 ipsius
1395 329 1508 358 nostre
1539 323 1786 357 Chremirensis
1821 322 1965 356 ecclesie

96 387 304 420 ordinaverit
333 391 365 419 et
393 386 605 431 disposuerit.
636 390 730 431 prout
762 390 837 418 tnnc
876 390 1080 430 conceperat
1109 388 1140 418 in
1169 396 1228 418 sua
1267 390 1395 418 mente:
1446 389 1555 418 tamen
1586 396 1627 417 ex
1658 384 1823 429 postfacto
1853 385 1966 416 sanius

97 447 299 480 deliberatus
329 451 360 480 et
389 446 553 480 salubrius
584 446 704 479 bonum
734 448 939 490 propositum
977 447 1009 478 in
1038 445 1155 478 melius
1185 445 1419 478 commutando
1450 445 1598 490 predicta
1629 444 1726 478 bona.
1758 445 1905 477 redditus
1935 447 1963 476 et

97 512 281 553 proventus
310 510 341 540 in
372 507 543 540 utilitatem
572 517 782 539 communem
813 511 844 539 et
873 505 1085 538 commodum
1115 508 1217 550 ipsius
1246 505 1390 538 ecclesie
1422 510 1535 538 nostre
1566 505 1698 550 capituli
1729 510 1758 537 et
1790 506 1966 537 universi-

98 571 172 601 tatis
216 567 493 601 Chremisirensis
530 578 591 612 pro
629 567 779 612 panibus.
819 566 957 610 singulis
1002 565 1118 599 diebus
1156 576 1216 610 per
1252 576 1373 598 annum
1412 565 1558 610 prelatis.
1598 568 1779 598 canonicis.
1818 566 1965 597 vicariis.

98 629 257 662 altariste.
288 631 411 661 rectori
440 628 606 661 scolarum
637 631 669 660 01
696 626 911 672 prebendatis
940 638 999 659 sen
1030 628 1199 658 ministris.
1230 628 1284 669 qui
1313 624 1432 658 fuerint
1455 636 1514 670 pro
1537 630 1698 670 tempore.
1721 628 1810 657 iuxta
1834 624 1966 657 1110110111

99 694 130 722 01
159 689 433 722 consuetudinem
474 687 688 721 observatam
719 690 749 720 in
789 691 886 720 311103
925 685 1159 719 distribuendis
1198 685 1357 730 disposuit
1402 685 1578 718 salubriter
1616 689 1648 718 et
1686 685 1862 718 ordinavit.
1919 684 1967 717 Ita

99 749 185 794 quod
216 752 310 782 annis
339 748 478 792 singulis
508 753 667 793 percepto
697 758 800 780 censu
830 746 992 780 bonorum
1022 745 1248 791 predictorum
1270 756 1402 778 annone
1424 756 1482 790 pro
1505 745 1642 790 panibus
1663 748 1711 778 sic
1732 744 1966 778 distribuendis

100 809 210 843 debito
241 813 391 854 tempore
421 811 485 842 emi
515 813 545 841 et
577 811 765 853 comparari
804 807 938 841 valeant
967 810 1057 840 iuxta
1088 807 1258 839 decretum
1290 810 1320 839 et
1352 806 1555 839 voluntatem
1587 809 1757 851 prepositi.
1788 805 1906 838 decani
1936 809 1966 837 et

100 869 231 915 capituli
253 868 529 902 Chremisirensis
559 868 796 913 predictorum.
834 867 905 900 Tali
936 871 1046 900 tamen
1076 866 1186 909 modo‚
1217 866 1304 911 quod
1334 868 1523 911 prepositus
1553 870 1583 898 et
1616 866 1762 898 decanus
1792 870 1966 910 presentes

101 930 139 963 ad
184 932 291 962 minus
338 929 525 962 elevacioni
563 931 715 973 corporis
754 927 876 961 Christi
915 930 946 960 111
984 930 1085 961 missa
1123 926 1220 960 beate
1259 929 1412 971 virginis.
1453 929 1604 959 canonici
1646 936 1741 959 vero.
1781 928 1898 959 vicarii
1937 929 1967 958 et

101 991 248 1024 altariste
278 1000 394 1023 omnes
424 994 456 1022 et
483 989 605 1033 singuli
635 989 742 1022 eidem
773 991 873 1022 misse
910 987 1008 1021 beate
1036 990 1191 1032 virginis,
1221 998 1285 1032 que
1314 987 1448 1020 cottidie
1487 989 1518 1019 in
1548 989 1617 1031 ipsa
1655 991 1768 1019 nostra
1807 985 1968 1018 Chremi—

100 1053 220 1085 sirensi
250 1050 445 1083 decantatur
475 1049 630 1083 ecclesia.
660 1048 882 1094 personaliter
917 1051 1082 1081 interesse
1121 1047 1263 1081 debeant
1298 1058 1316 1080 a
1346 1049 1508 1092 principio
1547 1057 1651 1091 usque
1690 1047 1729 1079 ad
1767 1045 1877 1079 finem.
1908 1048 1968 1078 nisi

102 1122 202 1145 causa
233 1111 393 1155 legittima
423 1115 453 1143 et
482 1109 696 1143 racionabilis
725 1109 868 1154 aliquem
898 1113 1089 1151 excusaret,
1121 1119 1219 1153 qnam
1249 1110 1310 1153 ipsi
1339 1110 1540 1152 prepositus.
1563 1107 1709 1139 decanus
1739 1111 1769 1139 et
1792 1106 1969 1151 capitulum

102 1172 296 1216 legittimam
327 1175 357 1204 et
387 1169 625 1203 racionabilem
655 1169 855 1203 iudicabunt.
913 1169 995 1202 Item
1025 1168 1164 1213 singulis
1201 1171 1296 1202 annis
1326 1170 1497 1213 perpetuis
1527 1166 1731 1212 temporibus
1761 1170 1793 1199 in
1821 1167 1969 1212 predicta

102 1237 216 1266 nostra
247 1231 505 1265 Cliremisirensi
535 1230 678 1264 00010513
708 1230 884 1263 duodecim
915 1232 1137 1263 anniversarii
1168 1232 1285 1274 peragi
1315 1227 1449 1270 dehent,
1470 1228 1626 1261 videlicet
1658 1231 1783 1273 primus
1803 1230 1835 1260 111
1855 1227 1969 1271 vigilia

102 1295 208 1327 sancti
238 1291 395 1336 Gregorii
423 1302 508 1337 pape
538 1293 788 1324 anniversarius
818 1290 894 1324 olim
924 1290 1048 1323 domini
1075 1289 1206 1323 Nicolai
1235 1291 1395 1335 prepositi
1425 1287 1631 1321 Brunnensis
1661 1288 1767 1321 felicis
1797 1289 1969 1320 memorie.

104 1353 280 1387 Secundus
309 1354 560 1385 anniversarius
590 1351 665 1385 olim
695 1350 900 1384 venerabilis
921 1353 1023 1396 patris
1053 1350 1176 1383 domini
1196 1349 1358 1382 Johannis
1380 1348 1612 1382 Oloniucensis
1633 1351 1793 1393 episcopi.
1815 1346 1970 1380 avunculi

104 1415 312 1447 invictissimi
348 1413 472 1446 domini
509 1412 623 1446 Karoli
660 1411 888 1445 Romanorum
928 1414 1140 1456 imperatoris
1178 1415 1210 1444 et
1245 1410 1384 1443 Boemie
1422 1412 1525 1454 regis.
1564 1412 1635 1442 eius
1670 1408 1909 1442 benefactoris
1939 1409 1971 1440 in

104 1473 219 1519 vigilia
256 1473 373 1517 vigilie
401 1477 593 1506 sanctorum
635 1471 830 1505 marthirum
868 1471 1021 1505 Mauricii
1059 1476 1091 1504 et
1126 1473 1294 1504 sociorum
1333 1473 1416 1503 eins.
1473 1469 1613 1503 Tercins
1649 1470 1901 1502 anniversarius
1939 1470 1971 1500 in

105 1537 300 1568 memoriam
330 1536 582 1579 progenitorum
612 1544 672 1566 seu
700 1536 875 1578 parentum
903 1534 1006 1578 ipsius
1036 1532 1159 1565 domini
1188 1530 1319 1564 Alberti
1340 1533 1498 1576 prepositi
1520 1529 1784 1563 Cbremsirensis
1805 1531 1836 1561 in
1857 1527 1970 1572 vigilia

103 1595 219 1639 vigilie
249 1597 394 1627 omniun]
425 1598 627 1627 sanctorum.
658 1592 699 1626 Et
729 1597 864 1637 quartus
893 1592 1022 1626 sublato
1052 1595 1124 1638 ipso
1154 1592 1288 1625 domino
1317 1590 1459 1624 Alberto
1489 1590 1530 1623 de
1559 1590 1668 1623 medio
1699 1589 1769 1622 dies
1799 1592 1848 1622 sni
1869 1591 1970 1621 anni-

105 1657 278 1689 versarius
307 1659 469 1700 perpetuo
498 1658 691 1700 peragatur.
722 1653 860 1686 Residui
889 1664 973 1687 vero
1003 1655 1226 1686 anniversarii
1255 1656 1331 1685 octo
1360 1654 1392 1684 in
1413 1654 1650 1696 sempiternam
1680 1652 1875 1683 memoriam
1896 1649 1973 1682 dicti

107 1716 229 1749 domini
258 1714 389 1748 Alberti
418 1718 578 1760 prepositi
616 1714 826 1755 (1003101001,
856 1713 1121 1755 benefactorum,
1152 1714 1478 1757 consanquineorum
1517 1715 1549 1744 et
1587 1713 1769 1743 amicorum
1808 1712 1911 1754 ipsius
1940 1711 1972 1741 in

107 1778 221 1821 spacio
250 1779 325 1808 octo
356 1777 531 1817 mensium7
561 1778 593 1808 in
621 1774 739 1819 regula
769 1774 915 1808 ecclesie
944 1773 1175 1818 consignandi.
1207 1782 1370 1817 expresse
1400 1775 1431 1804 et
1460 1774 1654 1804 nominatim
1684 1773 1801 1815 peragi
1838 1768 1971 1802 debent.

107 1839 150 1869 ita
180 1835 265 1880 quod
296 1837 328 1868 in
357 1837 598 1868 anniversariis
627 1839 659 1868 01
689 1838 849 1868 memoria
879 1834 1087 1879 singulorum
1115 1833 1341 1879 predictorum
1363 1831 1524 1865 faciendis
1553 1842 1688 1876 semper
1707 1830 1821 1874 vigilie
1849 1840 1971 1863 novem

107 1896 293 1930 leccionum
323 1899 353 1928 et
384 1898 497 1929 misse.
527 1894 644 1939 quibus
673 1898 873 1940 prepositus,
905 1895 1063 1937 decanus,
1094 1895 1258 1935 canonici,
1289 1894 1419 1934 vicariii
1449 1891 1608 1924 altarista.
1634 1895 1747 1924 rector
1775 1890 1867 1924 scole
1897 1900 1971 1922 cnm

108 1955 293 1990 scolaribus
323 1959 355 1988 et
382 1955 579 2000 prebendati
607 1957 771 1988 interesse
801 1959 987 1995 teneantur,
1018 1965 1092 1987 cum
1122 1953 1354 1998 solempnitate
1383 1952 1542 1985 offertorii
1573 1956 1603 1985 et
1633 1951 1859 1984 candelarum.
1890 1953 1973 1983 sicut

108 2020 303 2050 consuetum
334 2020 395 2058 051,
426 2015 642 2060 solempniter
680 2014 917 2056 decantentur3
974 2014 1178 2048 offertorium
1209 2016 1316 2047 eciam
1354 2012 1475 2046 ibidem
1515 2011 1659 2045 oblatum
1699 2014 1903 2045 ministretur
1940 2013 1973 2043 in

109 2075 505 2122 1105111131111301101111115ἦ
536 2086 667 2108 necnon
708 2074 796 2108 finita
835 2078 934 2108 missa
971 2074 1216 2116 defunctorum,
1255 2075 1392 2118 quocies
1428 2077 1627 2118 oportunum
1667 2072 1777 2107 fuerit.
1808 2073 1971 2104 canonici.

109 2139 228 2170 vicarii
257 2140 289 2169 et
317 2136 463 2169 altarista
499 2138 861 2169 commemoracionem
899 2146 959 2168 sen
997 2137 1158 2178 exequias
1196 2134 1320 2167 faciant
1355 2132 1537 2167 secundnm
1575 2132 1849 2166 consuetudinem
1887 2131 1973 2164 dicte

111 2196 387 2230 Cliremisirensis
416 2196 560 2229 ecclesie
591 2195 751 2229 hactenus
781 2194 1006 2229 observatam.
1064 2193 1101 2227 Si
1129 2196 1201 2238 quis
1238 2197 1347 2226 autem
1377 2204 1395 2226 a
1426 2196 1525 2226 missa
1555 2192 1652 2226 beate
1682 2194 1834 2236 virginis‚
1864 2193 1973 2224 missis

111 2259 431 2293 anniversariorum
470 2256 604 2301 vigiliis.
641 2256 831 2291 offertoriis.
862 2257 1014 2299 exequiis
1051 2259 1083 2288 et
1120 2256 1460 2288 commemoracione.
1490 2258 1523 2286 ut
1562 2253 1741 2298 prefertur,
1771 2263 1807 2286 se
1845 2251 1974 2284 absen-

112 2319 234 2351 taverit
262 2317 387 2362 absque
417 2316 611 2350 racionabili
639 2327 753 2358 causa,
783 2327 879 2360 quam
910 2318 970 2361 ipsi
999 2317 1200 2360 prepositus,
1230 2314 1376 2348 decanus
1406 2319 1438 2347 et
1466 2313 1642 2359 capitulum
1664 2324 1729 2346 non
1750 2311 1976 2358 approbarent

112 2378 186 2411 fore
215 2377 422 2422 legittimam,
452 2377 591 2423 panibus
621 2388 739 2410 carere
770 2376 889 2409 debeat
918 2379 989 2421 ipso
1019 2375 1082 2408 die.
1126 2373 1297 2420 Nobisque
1327 2374 1494 2407 humiliter
1531 2373 1727 2419 supplicavit
1765 2372 1975 2418 supradictus

113 2437 265 2471 dominus
294 2441 494 2483 prepositus,
525 2442 687 2482 quatenns
716 2437 754 2470 ad
786 2448 824 2469 ea
854 2436 984 2480 singula
1019 2438 1182 2481 premissa
1218 2437 1322 2468 nostri
1360 2433 1503 2480 prebere
1537 2444 1711 2467 assensum
1749 2437 1779 2466 et
1815 2435 1885 2477 ipsa
1915 2431 1975 2465 sub

114 2497 212 2531 modo
242 2502 440 2542 expressato
478 2500 631 2543 superius
669 2500 865 2530 auctoritate
904 2496 1071 2529 ordinaria
1107 2494 1308 2528 confirmare
1346 2495 1571 2539 dignaremur.
1628 2493 1698 2527 Nos
1736 2495 1836 2537 igitur
1874 2495 1976 2537 ipsius

114 2557 237 2591 domini
267 2557 398 2591 Alberti
427 2557 730 2603 supplicacionibus
759 2555 1029 2598 racionabilibus,
1059 2558 1120 2601 piis
1150 2559 1180 2588 et
1210 2558 1303 2588 iustis
1331 2554 1508 2599 benignius
1538 2554 1683 2587 inclinati
1713 2553 1975 2587 ordinacionem.

115 2617 371 2663 disposicionem
402 2622 435 2651 et
463 2620 730 2662 assignacionem
770 2616 932 2650 bonorum
963 2616 1187 2661 predictorum
1225 2626 1286 2661 pro
1324 2614 1463 2660 panibus
1499 2619 1529 2647 et
1568 2616 1808 2647 anniversariis
1847 2616 1908 2646 rite
1946 2617 1975 2645 et

114 2677 362 2711 racionabiliter
389 2677 495 2711 factas
523 2682 555 2711 et
584 2680 694 2711 omnia
723 2677 785 2710 alia
814 2677 962 2722 predicta
991 2680 1086 2720 grata
1116 2680 1146 2709 et
1176 2680 1247 2708 rata
1268 2674 1429 2708 habentes
1450 2686 1571 2708 census
1592 2679 1622 2707 et
1644 2674 1791 2707 redditus
1811 2673 1977 2707 antedicte
