2336 3074
947 242 958 243 ἶ
974 190 1059 243 73Ο9

964 337 1073 372 337.

143 441 218 475 Der
246 440 316 475 Abt
344 442 403 475 des
433 441 590 475 Brucher
620 441 791 483 Klosters,
819 440 1029 477 Zacharias.
1059 440 1236 483 besltittz‘qt
1264 441 1318 473 die
1347 440 1553 484 Scleeulfuny
1582 442 1676 474 ciues
1703 440 1839 474 Lalmes
1869 441 1901 473 ln

142 501 313 538 Borote'tzq
337 502 462 535 welche
482 502 543 535 cler
563 501 721 535 Bracker
741 501 881 546 Profess
901 501 1079 534 Jolaamees
1108 512 1182 534 zum
1204 500 1339 545 Beleufe
1368 503 1462 534 eines
1490 501 1747 535 Annivm-sares
1776 502 1900 534 diesem

506 562 647 595 Klostei·
675 561 818 595 nzachte.
858 561 915 594 Dt.
948 561 1001 596 li'l.
1034 561 1151 594 Bruclt
1180 561 1213 594 2.
1248 560 1398 594 Oktoiaer
1430 561 1538 597 1384.

245 646 333 700 Nos
352 666 534 700 Zacharias
564 666 674 700 divina
697 669 918 700 miseracione
947 665 1050 699 abbas
1071 668 1264 699 monasterii
1285 665 1455 704 Lucensisq
1478 666 1602 699 ordinis
1624 666 1953 708 Pren101istratcnsiS‚

89 728 232 761 diocesis
262 726 494 761 Olomucensis
532 731 644 760 notum
675 726 813 760 tacimus
842 731 959 760 tenore
995 728 1205 771 presencium
1235 729 1413 759 universis.
1461 726 1555 767 Quod
1586 726 1723 759 dilectus
1762 729 1791 759 in
1823 725 1955 759 Christo

89 788 193 822 frater
219 792 334 821 noster
353 787 536 830 Johannes,
566 787 777 830 infirmarius,
799 790 992 821 monasterii
1021 789 1125 820 nostri
1152 786 1326 832 professus
1355 787 1520 831 regularis
1549 790 1729 820 canonicus
1759 789 1955 820 &institutus

89 852 120 883 in
150 852 254 883 nostri
274 860 312 882 ac
342 848 430 882 Pauli
451 851 583 894 prioris.
612 848 757 882 Jaroslai
777 847 962 894 subprioris
992 850 1165 892 tociusque
1187 874 1193 880 .
1217 874 1223 880 .
1247 852 1433 881 conventus
1455 850 1647 880 monasterii
1676 851 1779 880 nostri
1800 847 1956 880 antedicti

89 912 263 956 presencia
299 909 430 955 publice
468 912 670 954 recognovit
699 913 730 942 et
768 908 933 942 fatebatur
962 919 1137 954 expresse„
1168 907 1335 952 quomodo
1374 910 1444 953 ipse
1475 912 1603 940 maturo
1641 907 1779 940 consilio
1809 918 1956 952 sanaque

89 969 336 1004 deliberacione
374 969 556 1015 prehabitis
585 969 625 1002 de
663 972 806 1015 propriis
835 968 936 1003 rebus
973 968 1035 1003 sihi
1064 980 1082 1001 a
1112 968 1174 1001 deo
1204 968 1331 1001 collatis
1359 971 1528 1013 ipsiusque
1567 968 1742 1012 diligencia
1773 971 1897 1013 pariter
1925 972 1957 1000 et

89 1030 257 1065 laboribus
294 1033 425 1076 penitus
454 1032 623 1075 acquisitis
661 1035 735 1076 post
763 1030 855 1075 plura
892 1030 977 1063 tedia
1017 1034 1114 1074 atque
1145 1028 1341 1074 multiplices
1380 1028 1500 1073 fatigas
1529 1031 1662 1073 spiritus
1701 1031 1805 1061 sancti
1842 1030 1956 1072 gracia

89 1091 150 1125 sibi
188 1091 343 1124 divinitus
372 1093 565 1136 inspirante.
604 1093 742 1135 cupiens
771 1093 854 1123 iusta
892 1090 1113 1123 meditacione
1142 1089 1257 1122 celitas
1295 1089 1417 1122 exinde
1446 1088 1506 1122 sibi
1543 1092 1718 1133 acquirere
1755 1091 1955 1121 mansiones.

89 1152 128 1186 ad
166 1151 297 1185 laudem
336 1151 484 1184 altissimi
519 1150 735 1195 glorioseque
774 1153 915 1195 virginis
949 1150 1067 1184 Mai-ie.
1106 1161 1165 1183 sue
1204 1152 1329 1184 matris.
1369 1154 1467 1195 atque
1515 1152 1659 1183 omnium
1698 1154 1886 1183 sanctorum
1927 1152 1958 1181 et

90 1217 244 1246 notanter
263 1212 303 1245 ad
324 1211 486 1245 honorem
508 1215 612 1245 sancti
633 1212 829 1245 W'enceslai
849 1212 988 1256 gloriosi
1009 1213 1165 1245 martiris«
1188 1213 1219 1243 in
1248 1214 1340 1244 cuius
1361 1210 1524 1244 honorem
1547 1213 1784 1243 monasterium
1807 1209 1958 1242 Lucense

89 1284 107 1306 a
137 1276 186 1306 sui
224 1275 379 1318 primaria
410 1272 610 1306 fundacione
648 1275 754 1306 extitit
783 1272 929 1305 dotatum
968 1274 1093 1317 pariter
1131 1275 1161 1304 et
1201 1270 1383 1306 fundatum.
1414 1270 1467 1303 ubi
1505 1270 1637 1315 quidem
1667 1281 1684 1303 a
1723 1273 1771 1303 sui
1810 1272 1957 1314 puericia

89 1336 160 1379 ipse
181 1338 231 1367 est
256 1336 396 1367 nutritus
417 1338 449 1366 et
478 1333 648 1366 educatus.
670 1344 730 1378 pro
759 1333 926 1377 religiosis
950 1359 956 1365 .
980 1359 986 1365 .
1009 1331 1164 1365 fratribus
1193 1330 1404 1377 presentibus
1433 1336 1463 1364 et
1494 1330 1611 1364 futuris
1639 1333 1743 1364 nostri
1773 1334 1958 1363 conventus

89 1394 245 1428 antedicti
282 1404 382 1427 unum
417 1393 549 1426 laneum
585 1396 616 1426 in
654 1393 731 1426 villa
779 1392 934 1426 Boroticz
982 1391 1169 1431 boemicali„
1208 1396 1423 1425 censuantem
1463 1394 1629 1424 annuatim
1674 1401 1772 1423 unam
1810 1400 1958 1423 marcam

89 1454 327 1488 moravicalem
363 1465 573 1498 grossorum„
603 1465 620 1486 a
650 1450 818 1486 Liczkone
848 1453 888 1486 de
918 1452 1005 1486 Lilcz
1035 1453 1115 1485 alias
1153 1452 1194 1485 de
1222 1452 1343 1485 Durlas
1373 1462 1433 1497 pro
1463 1452 1578 1484 decem
1610 1454 1730 1484 marcis
1760 1460 1958 1495 grossorum

89 1517 316 1561 pragensium,
347 1516 509 1547 moravici
537 1516 741 1559 pagamenti,
770 1516 946 1557 sexaginta
976 1517 1117 1557 quatuor
1144 1523 1284 1557 grossos
1312 1523 1372 1557 pro
1402 1522 1513 1545 marca
1544 1510 1687 1555 qualibet
1723 1509 1957 1555 computando,

89 1579 151 1609 rite
181 1578 259 1608 emit
287 1586 326 1608 ac
355 1578 440 1608 iusto
470 1574 561 1607 titulo
590 1577 773 1619 empcionis
803 1573 1050 1607 racionabiliter
1079 1575 1297 1617 comparavit.
1325 1583 1385 1617 per
1414 1574 1503 1617 ipsos
1532 1571 1735 1604 hereditarie
1764 1559 1955 1604 tenendum.

89 1635 291 1679 habendum.
319 1635 557 1680 possidendum
588 1640 620 1668 et
648 1639 809 1679 perpetuo
839 1637 870 1667 in
901 1637 1046 1679 ipsorum
1076 1644 1170 1666 nsum
1192 1632 1456 1665 convertendum
1486 1631 1669 1664 secundum
1699 1631 1958 1676 disposicionem

88 1696 227 1730 inferius
263 1700 466 1729 annotatam.
515 1695 620 1736 Quem
659 1695 790 1740 quidem
829 1694 960 1727 laneum
998 1704 1099 1727 sanus
1129 1697 1239 1726 mente
1277 1697 1375 1737 atque
1410 1702 1554 1737 corpore
1591 1694 1699 1724 statim
1738 1690 1858 1724 ibidem
1897 1701 1957 1736 pro

88 1757 194 1791 salute
223 1759 332 1790 anime
352 1767 411 1789 sue
440 1759 518 1801 ipsis
540 1755 696 1789 fratribus
718 1783 723 1789 .
747 1782 754 1789 .
776 1759 962 1788 conventus
991 1753 1095 1787 libere
1116 1758 1147 1787 et
1176 1764 1339 1798 expresse
1368 1755 1554 1796 resignavit
1583 1754 1708 1796 pariter
1737 1755 1766 1784 et
1797 1751 1958 1795 legittime

90 1818 260 1862 deputavit
288 1816 415 1850 faciens
444 1828 487 1850 ex
517 1827 557 1850 eo
586 1815 647 1849 sibi
675 1827 793 1849 verum
824 1820 856 1848 et
883 1815 1079 1859 legittimum
1109 1817 1340 1847 testamentum
1372 1815 1403 1845 in
1432 1812 1519 1845 hunc
1549 1812 1682 1845 modum
1712 1811 1956 1856 exequendum.

90 1877 199 1911 Primo
235 1882 267 1911 et
294 1877 531 1923 principaliter.
568 1876 654 1921 quod
684 1879 716 1909 in
754 1876 840 1909 dicto
870 1877 1073 1908 monasterio
1110 1874 1252 1907 Lucensi
1282 1872 1428 1918 quolibet
1457 1883 1542 1906 anno
1573 1875 1644 1917 ipso
1674 1872 1725 1905 die
1771 1874 1820 1905 sui
1851 1870 1958 1904 obitus

90 1940 341 1973 anniversarius
381 1940 440 1983 ipsi
471 1936 564 1970 fratri
601 1940 783 1982 peragatur
819 1938 910 1969 iuxta
948 1946 1075 1969 morem
1114 1939 1145 1967 et
1183 1934 1458 1968 consuetudinem
1497 1935 1602 1967 nostri
1641 1932 1765 1966 ordinis
1804 1931 1961 1965 antedicti

89 2002 258 2033 servatam
298 1997 338 2031 ab
368 2001 502 2042 antiquo
541 2001 573 2030 et
601 1997 687 2042 quod
717 1999 823 2029 eciam
858 1998 937 2041 ipsis
969 2023 1005 2029 ..
1036 1994 1193 2028 fratribus
1223 1998 1410 2028 conventus
1447 1993 1488 2027 de
1516 1993 1569 2026 illa
1601 2004 1712 2026 marca
1747 2003 1868 2026 census
1898 2002 1958 2037 pro

90 2059 225 2104 vigiliis,
264 2057 616 2092 commendacionibus
652 2061 683 2090 et
712 2059 834 2099 missis,
873 2066 933 2101 pro
962 2055 1087 2089 solacio
1125 2055 1252 2101 prandii
1291 2054 1399 2088 media
1438 2064 1550 2087 marca
1588 2064 1786 2097 grossorum
1816 2053 1959 2085 totaliter

90 2122 290 2164 assignetur.
338 2118 484 2152 Residua
522 2129 606 2151 vero
636 2117 744 2151 media
780 2127 892 2150 marca
929 2115 1154 2161 predictorum
1192 2126 1390 2159 grossorum
1428 2118 1574 2147 transeat
1610 2113 1648 2146 ad
1688 2116 1958 2146 communitatem

89 2180 228 2214 fratrum
260 2206 296 2213 ..
327 2184 514 2212 conventus
543 2178 780 2224 predictorum,
810 2180 907 2222 prout
935 2179 1013 2221 ipsis
1043 2176 1203 2221 expedire
1231 2174 1398 2209 videbitur
1435 2173 1712 2207 convertendum.
1761 2172 1959 2218 Supplicans

89 2240 185 2274 nobis
205 2244 369 2285 tamquam
400 2251 460 2273 sno
481 2239 608 2285 prelato
638 2237 804 2271 humiliter
824 2241 855 2270 et
885 2236 1019 2270 devote.
1049 2238 1201 2280 quatinus
1221 2235 1261 2269 ad
1290 2235 1472 2281 predictam
1494 2236 1762 2278 resignacionem
1791 2235 1958 2278 ipsiusque

90 2301 177 2334 lanei
215 2300 467 2346 deputacionem
513 2303 544 2333 iu
583 2302 783 2332 testamento
821 2300 869 2331 sic
907 2299 1078 2340 assignato
1116 2300 1264 2329 nostrum
1312 2305 1512 2328 consensum
1552 2296 1676 2339 pariter
1714 2297 1746 2326 et
1783 2303 1957 2326 assensum

91 2361 307 2405 dignaremur
336 2363 535 2405 generosius
564 2359 724 2393 adhibere
753 2363 785 2392 et
814 2357 874 2391 sibi
905 2357 944 2390 de
973 2359 1045 2402 ipso
1075 2355 1193 2389 favere
1222 2366 1282 2401 pro
1312 2357 1426 2399 gracia
1456 2354 1604 2399 speciali.
1644 2352 1714 2386 Nos
1742 2364 1826 2386 vero
1856 2354 1958 2397 ipsius

90 2420 391 2467 supplicacionibus
412 2425 578 2465 tamquam
599 2422 692 2453 iustis
713 2423 745 2452 et
773 2416 1030 2451 racionabilibus
1051 2415 1228 2460 benignius
1257 2415 1402 2448 inclinati
1423 2414 1462 2447 ad
1484 2413 1666 2459 predictam
1687 2415 1957 2457 resignacionem

89 2481 176 2515 lanei
205 2481 385 2526 supradicti
414 2484 446 2514 in
474 2483 540 2523 via,
570 2484 603 2513 ut
631 2479 824 2525 predicitur,
854 2480 927 2511 veri
957 2480 987 2510 et
1017 2475 1154 2520 legitimi
1183 2477 1371 2509 testamenti
1400 2477 1431 2507 in
1461 2476 1550 2506 omni
1580 2474 1677 2506 modo
1717 2477 1748 2506 et
1777 2472 1896 2515 forma„
1926 2476 1960 2505 ut

90 2544 300 2587 premittitur,
321 2545 468 2574 nostrum
499 2550 699 2574 consensum
722 2539 836 2572 damus
865 2540 990 2583 pariter
1018 2541 1049 2569 et
1078 2535 1268 2569 benivolum
1298 2545 1485 2577 assensum⁷
1516 2533 1668 2567 volentes
1703 2537 1733 2566 ct
1763 2535 1960 2566 auctoritate

91 2606 205 2635 nostra
243 2601 475 2643 decernentes,
514 2600 599 2646 quod
636 2599 775 2646 predicti
811 2598 931 2632 fratres
960 2599 1063 2630 nostri
1094 2595 1214 2629 dictum
1253 2595 1397 2628 laneum.
1428 2605 1524 2628 unam
1557 2605 1700 2627 marcam
1731 2597 1959 2635 censuantenn

92 2664 175 2695 sicut
203 2663 413 2707 premittitur,
435 2664 621 2706 acceptent,
651 2662 831 2705 suscipiant
862 2663 892 2691 et
923 2669 960 2691 se
980 2657 1020 2690 de
1051 2656 1169 2690 eodem
1197 2666 1270 2689 cum
1301 2654 1420 2688 ess'ectu
1449 2657 1677 2691 intromittant,
1706 2664 1839 2687 necnon
1869 2655 1958 2686 iuxta
