2336 3074
1015 227 1098 280 ἶ507

1001 384 1107 419 585.

129 488 236 523 Pabst
273 489 480 534 Bonifacius
518 488 581 523 IX.
620 488 830 523 entscheidet
867 489 930 522 den
961 487 1072 521 Str-eit
1108 487 1276 521 zwiscleen
1313 488 1387 521 clem
1425 487 1598 522 Oltrciltzer
1637 488 1780 532 Kapitel
1816 488 1882 521 med
1919 488 1992 521 dem

131 549 276 594 Pfarrer
315 560 379 583 con
417 549 468 584 St.
507 549 658 583 Mauritz
697 548 872 593 bez-ilylz‘cle
912 549 973 582 der
1010 548 1138 582 Schule
1175 548 1232 582 bei
1268 548 1382 582 dieser
1410 548 1636 592 Pfarrltircbe
1673 560 1715 582 zu
1755 548 1904 582 Gemsteu
1933 549 1993 582 (les

674 613 840 644 ersteren.
887 608 945 643 Dt.
977 609 1076 652 Rom,
1105 608 1140 643 9.
1170 609 1305 643 Jdnuer
1335 608 1444 644 1390.

277 669 489 722 Bonifacius
518 690 695 734 episcopus
724 699 844 722 servus
873 698 1050 722 servorum
1082 687 1134 721 dei
1169 686 1353 721 venerabili
1388 686 1481 721 fratri
1513 714 1519 721 .
1551 713 1557 720 .
1587 690 1746 733 episcopo
1775 687 1921 721 Tudensi
1960 691 1993 721 et

127 749 255 783 dilectis
284 748 357 783 filiis
389 776 395 782 .
427 776 434 783 .
464 751 634 795 preposito
673 749 817 782 ecclesie
854 753 970 783 sancte
997 747 1103 782 Marie
1142 751 1172 782 in
1208 747 1395 792 Sternberg
1424 748 1658 782 Olomucensis
1692 748 1836 781 diocesis
1874 758 1913 781 ac
1943 775 1950 781 .
1982 775 1989 781 .

127 808 259 843 officiali
297 809 565 843 Luthomuslensi
602 809 741 843 salutem
777 813 809 843 et
851 808 1066 855 apostolicam
1104 808 1390 842 benediccionem.
1446 808 1570 843 Peticio
1612 809 1806 843 dilectorum
1851 808 1991 843 filiorum

127 872 365 904 canonicorum
394 874 425 903 ct
454 869 585 916 capituli
615 870 760 903 ecclesie
791 868 1024 904 Olomucensis
1052 868 1147 903 nobis
1177 869 1323 903 exhibita
1353 869 1555 914 continebat,
1585 870 1670 915 quod
1701 870 1777 903 licet
1797 869 1838 903 de
1858 873 1989 915 antiqua

126 935 159 963 et
187 930 369 976 approbata
399 934 431 964 et
459 929 620 964 hactenus
649 929 787 976 pacifice
817 929 996 963 observata
1027 930 1266 964 consuetudine
1295 933 1335 963 sit
1368 929 1550 974 obtentum,
1581 930 1666 976 quod
1696 930 1781 977 apud
1812 930 1989 964 ecclesiam

125 991 308 1037 predictam
339 991 498 1024 duntaxat
527 993 591 1024 sint
620 990 724 1033 scole,
754 990 793 1023 ad
823 1001 904 1036 quas
933 990 1082 1024 scolares
1111 993 1254 1024 civitatis
1285 990 1516 1024 Olomucensis
1542 990 1712 1025 confluere
1741 995 1990 1025 consueverunt

127 1055 159 1085 et
195 1051 376 1095 confluunt,
415 1050 666 1096 quibusquidem
705 1050 890 1085 scolaribus
932 1050 972 1085 ab
1015 1054 1173 1097 episcopo
1211 1050 1424 1085 Olomucensi
1467 1062 1527 1097 pro
1570 1056 1720 1097 tempore
1758 1054 1924 1085 existente
1960 1056 1991 1085 et

126 1112 283 1158 predictis
313 1114 483 1145 canonicis
503 1115 535 1145 et
564 1111 706 1157 capitulo
727 1113 888 1156 magister
916 1123 974 1145 seu
1003 1115 1116 1145 rector
1145 1111 1294 1158 deputari
1315 1114 1489 1145 consuevit
1518 1122 1578 1158 pro
1608 1116 1758 1158 tempore
1779 1116 1810 1145 et
1831 1114 1991 1158 quociens

127 1173 272 1219 expedit.
304 1172 488 1219 deputatur,
519 1175 573 1218 qui
603 1172 751 1206 scolares
780 1174 870 1217 ipsos
899 1175 930 1206 in
959 1174 1142 1217 gramatica
1181 1176 1211 1205 et
1249 1175 1280 1205 in
1310 1177 1408 1206 cantu
1445 1172 1675 1206 ecclesiastico
1704 1175 1833 1206 instruit
1869 1177 1901 1206 et
1937 1174 1989 1217 qui

126 1233 259 1279 quidem
289 1233 438 1267 scolares
467 1244 531 1266 una
561 1243 635 1266 cum
664 1235 744 1278 ipsis
773 1235 942 1266 canonicis
972 1237 1003 1266 et
1032 1233 1164 1266 clericis
1193 1232 1398 1266 beneficiatis
1427 1236 1459 1266 in
1489 1233 1605 1266 eadem
1636 1233 1778 1267 ecclesia
1800 1233 1989 1266 divinorum

126 1294 287 1328 solemnia
316 1293 473 1327 videlicet
502 1295 622 1327 missas
651 1297 682 1326 et
712 1304 875 1339 vesperos
905 1293 1043 1338 singulis
1073 1293 1188 1327 diebus
1217 1304 1291 1327 cum
1320 1298 1397 1327 nota
1424 1293 1612 1337 decantant,
1642 1294 1807 1339 iidemque
1837 1295 1988 1327 canonici

126 1359 157 1388 et
186 1354 364 1400 capitulum
385 1354 544 1388 duntaxat
574 1353 695 1387 fuerint
723 1356 755 1387 in
784 1352 921 1399 pacifica
942 1356 1157 1399 possessione
1186 1354 1241 1388 vel
1270 1356 1363 1399 quasi
1387 1355 1473 1398 juris
1503 1353 1645 1387 habendi
1666 1354 1775 1388 scolas
1802 1353 1989 1388 huiusmodi

124 1426 256 1448 necnon
285 1417 317 1448 in
347 1417 395 1448 eis
424 1414 573 1448 scolares
602 1417 692 1460 ipsos
721 1414 864 1448 faciendi
893 1417 1009 1448 instrui
1039 1417 1143 1448 eciam
1174 1426 1192 1447 a
1222 1419 1383 1460 tempore3
1414 1417 1506 1448 cuius
1536 1417 1694 1448 contrarii
1723 1417 1884 1448 memoria
1921 1425 1987 1448 non

125 1478 248 1517 existit,
278 1479 389 1509 tamen
418 1474 509 1509 Crux
544 1474 674 1508 Alberti
708 1479 820 1508 rector
849 1474 1008 1521 plebanus
1041 1479 1248 1521 nuncupatus
1281 1474 1484 1520 parochialis
1522 1475 1666 1508 ecclesie
1704 1477 1809 1508 sancti
1837 1474 1989 1508 Mauricii

125 1536 358 1570 Olomucensis
387 1535 471 1570 falso
500 1535 715 1582 pretendens,
747 1535 832 1581 quod
863 1535 923 1569 sibi
953 1540 984 1569 et
1013 1534 1266 1569 successoribus
1295 1538 1363 1568 suis
1391 1534 1578 1568 rectoribus
1607 1535 1755 1581 predicte
1790 1534 1990 1581 parochialis

124 1596 268 1630 ecclesie
305 1607 365 1642 pro
404 1600 555 1642 tempore
592 1606 609 1629 a
651 1596 731 1629 sede
761 1596 941 1642 apostolica
973 1595 1111 1630 facultas
1147 1606 1308 1629 concessa
1340 1595 1446 1628 fuerat
1484 1606 1588 1641 prope
1617 1598 1722 1641 ipsam
1760 1594 1986 1641 parochialem

125 1657 303 1691 ecclesiam
324 1667 423 1690 unam
445 1656 576 1689 domum
606 1667 666 1702 pro
696 1668 756 1690 usu
786 1661 817 1690 et
838 1656 1048 1690 habitacione
1078 1656 1260 1701 aliquorum
1282 1656 1459 1689 scolarium
1481 1655 1632 1700 erigendi
1660 1660 1691 1689 et
1720 1655 1792 1689 illos
1818 1658 1850 1689 in
1870 1655 1987 1689 eadem

125 1717 224 1752 domo
252 1720 284 1751 in
313 1716 504 1751 liberalibus
534 1722 565 1750 et
595 1717 665 1751 aliis
695 1717 790 1751 licitis
820 1718 999 1763 disciplinis
1037 1716 1179 1751 faciendi
1210 1716 1335 1759 doceri,
1365 1716 1500 1749 eosdem
1531 1718 1712 1749 canonicos
1742 1720 1774 1749 et
1811 1715 1988 1762 capitulum

124 1782 281 1824 pretextu
302 1780 530 1811 concessionis
550 1777 700 1823 predicte
724 1783 755 1811 et
775 1778 856 1812 alias
885 1781 917 1812 in
937 1780 1152 1824 possessione
1173 1776 1359 1810 huiusmodi
1380 1777 1420 1810 de
1449 1776 1537 1810 facto
1558 1776 1781 1822 multipliciter
1800 1776 1989 1810 molestavit

125 1850 164 1872 ac
194 1841 299 1872 eciam
338 1838 509 1884 impedivit
547 1842 578 1871 et
616 1838 750 1884 impedit
789 1850 827 1872 ac
865 1838 943 1872 fecit
981 1843 1012 1872 et
1051 1840 1141 1881 facit,
1180 1840 1354 1882 quominus
1382 1839 1442 1883 ipsi
1471 1837 1629 1870 duntaxat
1659 1836 1845 1870 huiusmodi
1882 1836 1992 1870 scolas

125 1904 241 1933 tenere
262 1909 394 1932 necnon
415 1898 564 1932 scolares
593 1901 625 1932 in
646 1901 694 1932 eis
723 1901 839 1932 instrui
861 1898 974 1932 facere
994 1898 1098 1932 libere
1124 1901 1290 1945 potuerint
1310 1901 1383 1931 sive
1402 1900 1530 1944 possint
1550 1897 1790 1931 consuetudine
1810 1897 1988 1931 antedicta.

125 1959 266 2006 Propter
287 1959 373 2005 quod
403 1958 521 2005 prefati
553 1962 705 1993 canonici
727 1963 756 1993 et
786 1959 963 2005 capitulum
984 1960 1023 1993 ad
1053 1959 1166 1993 sedem
1197 1959 1412 2005 apostolicam
1434 1958 1641 2004 appellarunt
1669 1969 1707 1992 ac
1737 1958 1842 1992 felicis
1867 1968 1991 1992 recor-

125 2020 274 2054 dacionis
302 2018 458 2053 Urbanus
495 2030 580 2065 papa
608 2019 666 2053 VI.
704 2019 926 2065 predecessor
962 2024 1077 2054 noster
1115 2031 1249 2054 causam
1289 2019 1526 2066 appellacionis
1564 2018 1751 2052 huiusmodi
1789 2023 1821 2052 et
1858 2020 1992 2063 negocii

124 2080 316 2126 principalis
345 2079 465 2113 dilecto
494 2079 559 2113 filio
589 2082 749 2125 magistro
779 2079 909 2114 Thonie
947 2080 987 2114 de
1016 2080 1246 2126 lValkungton
1287 2080 1459 2126 capellano
1489 2081 1577 2114 sedis
1606 2080 1756 2127 predicte
1785 2083 1815 2113 et
1850 2079 1990 2112 auditori

127 2151 302 2174 causarum
345 2140 463 2187 palacii
507 2140 679 2186 apostolici
730 2141 769 2174 ad
817 2143 1012 2174 instanciam
1051 2141 1233 2175 eorundem
1273 2143 1510 2175 canonicorum
1551 2145 1581 2174 et
1621 2140 1753 2186 capituli
1795 2139 1991 2173 audiendam

127 2203 291 2234 commisit
319 2205 351 2234 et
379 2200 444 2235 fine
473 2200 584 2235 debito
623 2201 877 2245 terminandam,
915 2212 1029 2235 coram
1059 2212 1124 2247 quo
1161 2204 1323 2246 magister
1361 2201 1507 2235 Jacobus
1537 2200 1657 2235 Scribe
1694 2203 1931 2234 canonicorum
1962 2203 1992 2231 et

125 2260 258 2306 capituli
286 2265 317 2294 et
346 2261 476 2306 quidam
501 2261 624 2307 Doyno
653 2261 692 2295 de
712 2261 826 2295 Remis
848 2261 964 2295 Crucis
990 2262 1214 2308 predictorum
1235 2261 1508 2307 procuratoribus
1528 2261 1701 2305 injudicio
1722 2258 1991 2306 comparentibus

125 2325 157 2354 et
177 2331 238 2367 per
266 2321 444 2366 quemlibet
465 2333 579 2355 eorum
601 2321 741 2367 quodam
767 2322 842 2355 dato
872 2321 980 2356 libello
1011 2322 1132 2367 liteque
1161 2333 1221 2368 per
1241 2333 1300 2356 eos
1329 2322 1477 2367 legitime
1497 2325 1681 2355 contestata
1702 2331 1740 2354 ac
1762 2320 1802 2353 de
1827 2320 1989 2353 calumnia

126 2385 157 2414 et
186 2383 328 2415 veritate
357 2381 495 2415 dicenda
526 2385 558 2415 in
587 2385 762 2428 presencia
792 2385 894 2428 ipsius
923 2382 1081 2415 auditoris
1111 2381 1266 2416 hincinde
1304 2384 1449 2428 prestitis
1473 2383 1673 2426 juramentis
1702 2381 1896 2425 traditisque
1932 2390 1991 2425 per

126 2452 185 2475 eos
205 2441 369 2475 nonnullis
388 2442 614 2487 posicionibus
635 2447 665 2475 et
682 2443 828 2476 articulis
849 2447 879 2476 et
896 2447 1011 2476 contra
1029 2443 1165 2476 eosdem
1182 2445 1371 2488 posicioues
1388 2446 1419 2475 et
1436 2441 1592 2475 articulos
1612 2443 1712 2474 certis
1729 2439 1990 2486 excepcionibus

127 2505 279 2547 utrinque
308 2502 392 2536 datis
421 2503 656 2549 productisque
685 2514 745 2549 per
774 2513 832 2536 eos
862 2502 1027 2536 nonnullis
1056 2502 1173 2535 litteris
1202 2505 1389 2545 autenticis,
1426 2504 1650 2535 instrumentis
1678 2500 1817 2546 publicis
1853 2500 1991 2544 aliisque

122 2561 252 2606 juribus
282 2566 313 2595 et
352 2565 573 2606 munimentis,
612 2562 728 2608 quibus
757 2565 802 2596 uti
833 2562 1008 2596 voluerunt
1037 2566 1069 2596 in
1100 2573 1199 2596 causa
1229 2562 1417 2596 huiusmodi
1453 2567 1483 2596 et
1522 2566 1636 2595 contra
1675 2561 1792 2594 eadem
1830 2560 1990 2606 producta

127 2624 227 2656 certis
257 2622 518 2668 excepcionibus
547 2623 630 2656 datis
659 2623 814 2657 hincinde
843 2627 873 2656 et
903 2622 1147 2668 subsequenter
1175 2622 1303 2656 Jacobo
1339 2627 1370 2656 et
1400 2622 1510 2656 Cruce
1539 2622 1696 2668 predictis
1725 2632 1837 2655 coram
1873 2620 1989 2654 eodem

126 2683 277 2716 auditore
305 2685 336 2716 in
361 2683 488 2727 judicio
518 2683 786 2729 comparentibus
815 2694 853 2717 ac
884 2682 991 2717 Cruce
1020 2683 1151 2729 prefato
1190 2686 1220 2716 in
1259 2682 1446 2716 huiusmodi
1477 2693 1575 2716 causa
1607 2681 1759 2716 concludi
1788 2685 1920 2727 petente
1958 2683 1988 2714 in

1780 2749 1835 2773 οῑ4ἦ
