2336 3074
991 189 1064 223 299

94 293 326 340 ynnewendig
354 296 451 327 einen
482 294 600 328 mande
629 305 670 328 an
699 294 759 328 der
788 294 1015 339 obgestorben
1045 299 1119 333 statq
1151 294 1202 327 die
1232 294 1302 327 also
1332 297 1391 338 gut.
1420 293 1483 326 und
1516 295 1646 337 gewiss
1676 303 1807 330 weren,
1837 291 1884 325 als
1905 291 1959 325 die

97 364 142 399 yn
181 353 244 387 den
282 357 456 398 geczeiten
504 366 634 391 woren.
673 355 714 388 do
753 357 801 389 sie
839 355 948 388 lehten
986 355 1057 388 diez
1093 355 1231 401 brill's*]
1267 355 1421 399 vorsigilt
1459 357 1516 388 11111.
1552 365 1672 387 unsers
1708 353 1956 397 anliangindfflu

94 414 273 459 ingesigill.
305 414 374 448 Der
403 414 512 459 geben
542 418 582 448 ist
611 427 670 448 czu
701 415 859 460 Opoczen
890 415 974 448 nach
1005 415 1120 449 Cristis
1149 415 1269 460 geburt
1305 418 1424 449 tausint
1459 414 1688 460 dreyliundert
1714 415 1789 458 jare
1819 416 1851 447 in
1881 413 1956 447 (lein

96 477 191 508 viere
219 474 285 508 und
314 474 529 520 acliczigsten
555 477 642 520 jare,
674 478 830 519 vincztag
860 478 891 508 in
921 476 994 509 dein
1024 480 1095 509 sant
1126 475 1258 509 Urbans
1288 480 1376 519 tage.

406 562 497 597 (Orig,
522 563 603 596 Perg,
629 563 645 587 5
672 572 707 587 an
732 563 813 597 Perg.
840 562 961 588 Streifen
992 564 1019 590 11,
1045 563 1102 597 Sig.
1126 563 1154 588 iu
1186 563 1235 588 der
1258 563 1452 588 Bos-ek'schen
1477 563 1642 596 Suninilung
1666 572 1692 587 11.
1719 563 1777 588 516
1804 563 1840 587 im
1865 562 1955 587 miihr.

508 615 749 640 Landcsarchivc.
777 630 813 634 —
840 615 899 640 Das
924 615 1056 648 XVappen
1088 615 1136 640 der
1160 624 1215 640 von
1241 614 1390 639 nobi-asch
1417 615 1491 647 zeigt
1522 623 1603 639 einen
1636 615 1743 639 runden
1775 614 1872 640 Schild
1904 615 1955 639 mit

509 667 525 691 2
551 675 606 692 von
631 667 725 692 rechts
750 667 822 691 nach
847 666 923 691 links
947 666 1103 691 zielieuden
1129 666 1334 700 Querbalkcn.)

971 828 1080 864 328.

95 932 339 966 Notariatsalc!
369 933 534 966 wisc-laen
570 933 644 966 dem
675 933 815 966 [sloster
844 932 940 966 Saar
978 933 1046 965 med
1074 932 1246 967 Andreas.
1278 931 1424 976 Psoi-rer
1462 933 1493 965 e'te
1533 932 1743 966 Lacilseleilz.
1774 931 1952 976 bez-aquosa

193 995 290 1027 einer
318 993 424 1026 (lm-cles
453 994 515 1027 den
545 993 691 1038 Pfarrer
717 993 902 1037 yet-aufem
934 993 1001 1026 aad
1030 1005 1103 1026 zum
1134 993 1350 1037 Psarrleause
1380 993 1640 1037 utnqestalteten.
1672 993 1840 1026 Tabes-ne.

749 1053 806 1087 Dt.
839 1053 958 1086 Britain
989 1054 1048 1087 22.
1079 1053 1162 1086 ,11ιηί
1192 1052 1301 1087 1384.

247 1129 335 1183 Nos
365 1150 468 1183 frater
496 1149 653 1183 Nicolaus
683 1150 794 1184 divina
816 1151 1037 1183 miseracione
1066 1148 1180 1183 abbas.
1202 1148 1305 1181 frater
1333 1148 1505 1182 Joliannes
1533 1151 1635 1194 prior*
1657 1148 1760 1181 frater
1780 1147 1952 1181 Johannes

91 1209 257 1255 subprior,
296 1210 399 1244 frater
434 1209 591 1244 Nicolaus
628 1210 810 1244 celerarius
853 1214 1005 1255 totusque
1047 1214 1233 1243 conventus
1270 1212 1462 1243 monasterii
1504 1209 1603 1242 fontis
1642 1208 1738 1241 beate
1775 1208 1881 1242 Marie
1919 1211 1950 1242 in

90 1269 230 1307 zahars.
269 1271 394 1304 ordinis
433 1269 666 1304 Cisterciensis
707 1273 1006 1315 recongnoscimus
1045 1269 1130 1314 [sic]
1168 1281 1227 1316 pro
1264 1269 1358 1303 nobis
1395 1274 1424 1302 et
1467 1268 1719 1303 successoribus
1758 1272 1879 1302 nostris
1918 1271 1949 1302 in

90 1336 296 1377 perpetuum.
329 1331 411 1372 Quia
441 1331 646 1365 honorabilis
675 1334 727 1366 vir
756 1332 907 1365 dominus
928 1331 1084 1364 Andreas
1111 1330 1270 1376 plebanus
1292 1330 1434 1363 ecclesie
1454 1329 1655 1376 parochialis
1677 1332 1707 1362 in
1728 1328 1947 1371 Lawscbans.

91 1394 183 1425 cuius
211 1395 261 1426 ius
290 1397 483 1437 patronatus
512 1393 552 1426 ad
581 1404 642 1426 nos
672 1397 826 1438 spectare
862 1393 1055 1433 dinoscitur„
1085 1392 1244 1436 singulari
1274 1391 1461 1424 devocione
1499 1395 1669 1436 permotus
1708 1390 1839 1423 domuin
1870 1389 1947 1422 olim

89 1451 306 1493 tabern-alem„
337 1456 433 1487 sitam
462 1447 547 1487 inter
576 1464 689 1487 muros
719 1456 870 1486 cimiterii
900 1458 932 1486 et
960 1453 1091 1486 domum
1123 1452 1207 1485 dotis
1236 1451 1378 1484 ecclesie
1408 1450 1541 1485 ibidem.
1563 1462 1623 1496 pro
1653 1449 1861 1483 habitacione
1889 1460 1947 1483 sua

90 1517 121 1547 et
150 1524 384 1547 successorum
414 1524 550 1547 suorum
580 1525 640 1559 pro
670 1518 745 1547 octo
775 1516 896 1547 marcis
925 1523 1120 1558 grossorum
1152 1515 1366 1558 pragensium
1396 1511 1435 1544 (le
1465 1514 1597 1556 propria
1627 1522 1685 1544 sua
1715 1513 1855 1556 pecunia
1886 1513 1949 1543 rite

89 1578 121 1607 et
149 1573 396 1607 racionabiliter
425 1577 504 1607 emit
533 1586 613 1618 erga
653 1573 900 1608 Cunczmanum
939 1573 1142 1615 carnificenn
1174 1573 1327 1607 villanum
1368 1571 1500 1608 ibidenn
1532 1583 1628 1616 quam
1668 1574 1773 1604 eciam
1813 1571 1945 1604 domum

88 1638 225 1679 propter
254 1637 458 1668 vicinitatem
490 1634 633 1667 ecclesie
661 1637 694 1667 in
723 1634 855 1667 (1011111111
886 1634 970 1667 (10115
1000 1634 1106 1667 eidem
1137 1634 1280 1667 ecclesie
1319 1636 1349 1666 in
1378 1632 1584 1666 Lawsclians
1623 1631 1739 1665 suturis
1777 1634 1947 1677 perpetuis

87 1694 292 1740 temporibus
321 1697 506 1739 assignavit
535 1699 566 1727 et
594 1697 647 1740 pie
676 1695 811 1728 donavit
840 1706 879 1728 ac
908 1706 980 1728 eam
1011 1693 1258 1728 racionabiliter
1287 1696 1316 1726 in
1347 1695 1519 1726 structuris
1556 1692 1757 1725 emendavit.
1802 1691 1843 1725 Et
1871 1694 1945 1736 quia

88 1755 204 1788 eadem
234 1755 351 1788 domus
380 1758 470 1801 prius
499 1756 665 1789 censualis
694 1760 766 1789 erat
800 1755 950 1801 predicte
979 1755 1122 1788 ecclesie
1152 1759 1183 1788 et
1211 1754 1360 1800 plebanis
1390 1756 1420 1786 in
1448 1752 1668 1789 Lawschans.
1698 1752 1785 1785 unde
1814 1763 1855 1785 ne
1885 1751 1946 1785 sibi

88 1820 120 1849 et
148 1815 400 1850 successoribus
430 1819 497 1850 suis
527 1827 570 1849 ex
599 1815 786 1849 huiusmodi
807 1819 982 1861 empcione
1011 1816 1131 1861 aliquid
1152 1816 1322 1861 depereat.
1344 1814 1429 1847 idem
1452 1814 1602 1847 dominus
1623 1813 1780 1847 Andreas
1802 1813 1943 1846 inediam

88 1887 199 1910 aream
230 1879 363 1922 antique
392 1876 476 1910 dotis
506 1876 601 1910 nobis
630 1876 802 1910 abbatibus
836 1882 868 1910 et
895 1876 1148 1911 successoribus
1177 1879 1299 1909 uostris
1334 1886 1373 1907 ac
1408 1876 1611 1908 monasterio
1651 1876 1682 1906 111
1720 1873 1848 1907 Zaliars
1884 1884 1946 1918 pro

86 1937 223 1970 utilitate
253 1941 285 1970 et
313 1937 465 1983 ampliori
494 1937 670 1971 commodo
707 1940 798 1971 curie
828 1942 942 1971 nostre
979 1940 1040 1971 site
1079 1936 1197 1970 ibidem
1235 1939 1266 1968 in
1302 1934 1507 1968 Lawscbans
1544 1945 1605 1980 pro
1644 1938 1785 1979 quatuor
1823 1936 1945 1967 marcis

86 1997 247 2031 dictorum
276 2009 473 2042 grossorum
503 2001 565 2031 rite
594 1998 743 2031 vendidit
771 2002 804 2032 et
832 1998 968 2032 donavit
997 1997 1051 2031 tali
1080 1996 1288 2030 condicione.
1318 1994 1403 2039 quod
1443 2006 1503 2028 nos
1533 1999 1564 2027 et
1592 1997 1696 2028 nostri
1726 2005 1945 2027 successores

86 2057 222 2092 abbates
251 2059 307 2092 vel
335 2061 496 2103 magister
524 2061 616 2091 curie
645 2063 759 2092 nostre
788 2061 820 2092 in
857 2058 1076 2092 Lawschans.
1106 2068 1203 2102 quenl
1242 2057 1304 2089 illic
1344 2056 1511 2089 destinare
1549 2055 1774 2091 decrevimus
1805 2065 1941 2087 censum

86 2122 118 2151 et
146 2123 317 2162 stewramy
347 2130 410 2164 que
446 2118 627 2162 tangebant
663 2119 845 2164 predictam
884 2119 1015 2152 domum
1053 2117 1269 2151 tabernalein.
1299 2128 1362 2161 que
1397 2127 1484 2149 nunc
1518 2126 1607 2149 nova
1646 2115 1705 2148 dos
1743 2119 1804 2157 est,
1835 2114 1942 2147 eidem

86 2179 218 2213 domino
248 2178 387 2212 Andree
416 2183 447 2212 et
476 2181 543 2212 51115
573 2178 825 2212 successoribus
854 2179 989 2212 solvere
1028 2178 1180 2211 debeant.
1210 2180 1369 2223 quociens
1398 2177 1497 2210 fuerit
1534 2181 1743 2222 oportunum.
1801 2175 1941 2220 Insuper

84 2239 233 2284 prefatus
263 2239 413 2273 dominus
443 2239 599 2273 Andreas
629 2242 761 2272 nomine
799 2249 1033 2273 successorum
1071 2249 1206 2272 suorum
1245 2237 1415 2271 nobiscum
1454 2248 1492 2270 ac
1527 2235 1780 2271 successoribus
1818 2237 1941 2268 nostris

84 2304 221 2346 propter
248 2299 370 2333 1101111111
399 2302 490 2345 pacis
520 2299 617 2333 talem
648 2299 726 2333 fecit
763 2300 925 2334 ordinem.
956 2304 986 2331 ut
1026 2310 1256 2344 quamcunque
1293 2301 1510 2331 intersticium
1546 2297 1703 2331 videlicet
1736 2299 1847 2341 paries
1886 2295 1939 2328 vel

84 2371 164 2406 sepe
193 2360 301 2394 medie
330 2363 463 2405 antique
492 2360 577 2394 dotis
606 2371 726 2394 versus
756 2363 880 2394 curiam
910 2364 1055 2393 nostram
1086 2362 1170 2392 inter
1199 2369 1259 2392 nos
1281 2358 1466 2391 reformare
1486 2357 1658 2402 indigebih
1689 2361 1812 2389 extunc
1833 2356 1940 2388 dictus

84 2421 235 2455 dominus
264 2420 420 2454 Andreas
440 2424 600 2466 parictem
623 2421 677 2454 vel
697 2432 823 2466 sepem*
844 2423 930 2454 inter
950 2431 1045 2464 quam
1067 2418 1228 2452 stabulum
1249 2419 1305 2452 vel
1325 2419 1533 2452 commodum
1557 2421 1618 2451 ian]
1642 2417 1731 2450 fecit.
1754 2416 1941 2449 reformare

84 2480 182 2515 debet
210 2485 242 2514 et
271 2492 331 2515 nos
361 2482 414 2515 vel
444 2484 549 2515 nostri
578 2492 795 2515 successores
835 2484 939 2514 eciam
978 2483 1150 2525 parietemq
1181 2482 1266 2512 inter
1302 2490 1397 2524 quain
1434 2478 1597 2512 stabulum
1635 2477 1690 2510 vel
1729 2476 1939 2510 commodum

84 2541 235 2583 fecimus,
265 2540 400 2586 quilibet
428 2545 459 2575 in
489 2552 548 2575 suo
578 2541 652 2575 loco
681 2541 869 2575 reformare
898 2545 928 2574 ct
959 2540 1139 2573 emendare
1168 2544 1320 2572 tenemur
1356 2543 1387 2572 et
1416 2541 1442 2572 si
1479 2538 1553 2584 quid
1594 2541 1625 2571 in
1661 2537 1777 2570 eaden]
1814 2539 1942 2582 pariete

237 2672 270 2706 ff)
295 2672 446 2698 Entweder
468 2672 583 2698 bezielit
605 2672 665 2698 sich
690 2673 781 2697 dieser
805 2671 920 2697 Genitiv
945 2671 996 2695 auf
1021 2670 1185 2703 „gczeiten“
1213 2671 1280 2696 oder
1303 2670 1355 2695 ist:
1385 2671 1452 2699 „mit
1476 2669 1605 2694 urknnd*
1634 2669 1839 2702 weggelasseu.
