2336 3074
1045 231 1117 264 557

149 337 265 378 gracie
304 335 395 369 reddi
434 340 569 381 possunt
608 337 773 381 apciores.
812 339 990 381 eapropter
1027 337 1179 371 omnibus
1217 349 1298 371 vere
1336 337 1500 371 confessis
1538 341 1569 369 et
1607 336 1839 382 penitentibus,
1879 340 1931 382 qui
1969 337 2008 370 ad

151 395 328 429 ecclesiam
359 398 551 430 monasterii
580 400 769 429 sanctorum
800 394 928 429 Nicolai
958 401 988 429 et
1017 396 1201 432 Katherine
1230 401 1465 432 canonicorum
1504 398 1705 442 regularium
1746 398 1870 431 ordinis
1907 402 2011 435 sancti

152 456 332 501 Augustini
375 460 407 490 in
449 456 664 491 Lanczkrona
708 462 821 491 nostre
865 458 1008 492 diocesis
1050 459 1162 492 devoti
1199 461 1403 492 accesserint
1440 461 1471 492 in
1514 458 1748 492 festivitatibus
1794 458 2012 504 infrascriptis

154 516 299 550 divinam
337 520 485 562 graciam
525 520 655 563 petituri
691 522 722 551 et
759 521 812 563 qui
848 519 887 551 ad
926 530 1007 564 opus
1042 519 1189 552 eiusdem
1220 521 1410 552 monasterii
1448 530 1563 552 manus
1593 521 1805 564 porrexerint
1834 519 2011 552 adiutrices

155 580 460 623 quocienscunque,
489 580 520 611 in
550 577 768 624 infrascriptis
792 578 930 623 singulis
959 578 1191 612 festivitatibus
1221 579 1448 623 indulgencias
1469 579 1672 625 subscriptas
1701 590 1744 612 ex
1764 583 1878 612 nostro
1899 578 2010 612 officio

153 637 309 683 pastorali
348 639 608 672 misericorditer
645 641 861 684 impartimur.
917 638 1069 684 Inprimis
1107 639 1279 684 siquidem.
1318 642 1372 684 qui
1401 642 1663 684 prenominatum
1704 642 1939 673 monasterium
1978 642 2009 672 iu

154 701 345 742 nativitatis.
376 701 650 741 circumcisionis,
680 698 942 744 epiphaniarum.
973 711 1055 732 cene
1085 699 1219 733 domini.
1259 703 1434 745 passionis⁷
1469 702 1732 733 resurreccionis
1771 711 1844 733 cum
1883 699 2009 733 duobus

153 758 281 801 diebus.
310 759 438 802 lancee.
472 762 689 803 ascensionis,
719 759 954 805 penthecostes
984 771 1057 793 cum
1088 759 1214 793 duobus
1235 760 1361 794 diebus.
1391 763 1554 803 trinitatis,
1585 763 1735 806 eorporis
1761 759 1903 799 Christi;
1932 763 2008 793 item

154 822 185 853 in
215 822 462 865 concepcioniS.
492 823 774 863 3111111110130101115ἶ
805 823 996 855 nativitatis
1026 819 1268 866 purificacionis
1298 826 1329 854 et
1358 823 1597 866 assumpcionis
1619 820 1766 865 Virginis
1795 823 2011 859 intemerate;

155 882 231 913 item
261 882 315 925 qui
345 883 375 913 in
405 884 595 913 sanctorum
626 880 848 924 Angelorum,
878 883 1057 913 nativitatis
1081 881 1242 915 ,10113111115
1272 881 1437 927 Baptiste:
1468 884 1544 915 item
1579 884 1633 926 qui
1662 884 1693 914 111
1724 880 1896 915 beatorum
1927 881 2012 914 Petri

154 944 186 973 et
215 939 316 977 Pauli.
349 940 498 983 Andree,
527 940 699 983 Johannts,
730 940 846 974 Jacobi
866 943 1048 986 utriusque.
1078 941 1315 977 Bartholomei.
1346 942 1504 987 Symonis
1529 945 1561 974 et
1580 941 1676 975 Jude.
1706 940 1847 985 Thome7
1876 941 2011 983 Mathie.

154 1000 289 1036 Mathei.
306 1000 421 1037 Marci.
443 1001 543 1044 Luce,
565 1000 717 1034 Barnabe
733 1001 957 1047 apostolorum
980 1006 1011 1035 et
1027 1002 1321 1046 evangelistarum.
1342 1013 1472 1035 necnon
1493 1004 1546 1047 qui
1567 1004 1672 1035 eciam
1694 1004 1725 1035 in
1744 1001 2009 1035 beatissimorum

155 1061 315 1107 Stephani
362 1061 640 1107 prothomartiris,
684 1061 870 1096 Laureucii.
908 1061 987 1104 Viti.
1025 1062 1239 1095 Wenczeslai
1282 1062 1511 1095 translacionis
1557 1066 1589 1095 et
1632 1064 1788 1095 transitus
1825 1061 2010 1103 111131110111Ἴ

154 1125 298 1167 quinque
332 1122 481 1159 fratrum.
510 1121 725 1166 Zigismundi.
756 1121 905 1166 Georgii.
936 1121 1097 1156 Mauricii.
1128 1122 1290 1156 Victorini
1319 1126 1487 1156 martirum
1516 1122 1758 1167 gloriosorum3
1791 1125 1868 1156 item
1898 1125 1951 1167 qui
1981 1125 2010 1155 in

156 1182 324 1227 Gregorii.
361 1182 543 1219 Ambrosii.
573 1182 745 1217 Jeronimi.
776 1183 954 1227 Augustini
984 1186 1138 1217 transitus
1168 1188 1196 1216 et
1229 1183 1470 1226 translacionis,
1508 1183 1651 1226 Martini,
1686 1182 1827 1225 Nicotai,
1860 1182 2011 1228 Procopii

155 1242 388 1277 confessorum
409 1242 601 1285 beatorum·.
622 1246 700 1277 item
721 1246 775 1288 qui
796 1246 827 1277 111
847 1243 952 1277 1113110
973 1243 1183 1288 Magdalene.
1204 1243 1343 1278 Marthe.
1366 1243 1555 1285 Felicitatis,
1572 1242 1767 1285 Katherine.
1784 1243 2010 1288 Margarethe.

155 1303 339 1338 Dorothee.
361 1303 490 1337 Juliane
511 1315 548 1337 ae
570 1304 728 1347 Ludmile.
750 1303 922 1337 Elizabeth
943 1307 1109 1348 virginum
1131 1308 1161 1337 et
1181 1304 1373 1337 viduarum:
1404 1306 1548 1348 insuper.
1570 1306 1623 1348 qui
1644 1305 1675 1336 in
1696 1303 1748 1336 die
1768 1306 2010 1337 innocencium.

155 1367 299 1398 omnium
330 1369 532 1398 sanctorum.
563 1367 593 1397 in
624 1367 950 1398 commemoracione
970 1367 1115 1398 omnium
1138 1366 1319 1397 animarum
1342 1369 1373 1397 et
1393 1364 1607 1397 dedicacione
1628 1366 1820 1397 monasterii
1841 1367 2012 1397 memorati

157 1425 370 1459 festivitatum
401 1425 597 1458 devocionis
626 1435 726 1459 causa
755 1426 938 1459 accesserit
966 1428 1038 1458 sive
1068 1428 1284 1458 accesserint.
1314 1436 1372 1458 seu
1401 1423 1598 1457 beneficium
1624 1423 1843 1469 quodcunque
1864 1435 1881 1456 a
1903 1435 2010 1457 manu.

157 1486 266 1530 linqua
296 1486 351 1519 vel
379 1485 540 1530 obsequio
579 1485 818 1531 impenderint:
857 1490 1025 1531 postremo
1064 1488 1355 1530 quocienscunque
1390 1487 1461 1529 quis
1491 1487 1637 1518 sermoni
1666 1484 1786 1517 ibidem
1815 1484 2011 1519 interfuerit.

156 1545 353 1579 cantilenam
374 1545 537 1590 hospodin
557 1545 690 1591 pomiluj
712 1557 757 1592 ny
778 1550 854 1579 ante
882 1557 1071 1579 sermonem
1092 1546 1147 1578 vel
1177 1548 1206 1578 in
1237 1548 1335 1579 missa
1365 1545 1418 1578 vel
1448 1544 1577 1589 quando
1608 1555 1728 1590 corpus
1758 1544 1879 1578 domini
1909 1547 2012 1578 nostri

155 1606 236 1640 ,10511
267 1605 389 1639 Christi
418 1606 456 1639 ad
487 1605 650 1639 infirmum
681 1617 740 1639 seu
769 1605 916 1639 infirmos
947 1606 1138 1652 deportatur
1166 1611 1196 1639 et
1227 1605 1463 1651 deportabitur.
1498 1616 1570 1638 eum
1610 1605 1680 1638 aliis
1719 1608 1915 1648 cantaverit.
1953 1616 2011 1639 seu

156 1670 261 1712 ipsum
292 1677 414 1711 corpus
443 1665 642 1699 dominicum
672 1666 887 1700 conduxerit:
926 1669 1003 1700 item
1039 1670 1092 1711 qui
1131 1677 1251 1711 corpus
1281 1665 1402 1699 Christi
1435 1670 1464 1698 et
1495 1676 1626 1698 sacrum
1657 1665 1765 1699 oleum
1795 1670 1953 1699 secuntur
1982 1670 2010 1698 et

157 1738 272 1773 pacem
303 1729 333 1760 in
364 1729 462 1760 missa
492 1729 673 1771 recipiunt:
702 1729 779 1760 item
809 1730 862 1771 qui
888 1730 948 1760 tria
969 1738 1032 1760 ave
1052 1727 1156 1761 Maria
1178 1727 1298 1759 dixerit
1319 1729 1349 1759 in
1370 1736 1458 1768 sero.
1489 1725 1619 1770 quando
1649 1728 1731 1758 trina
1753 1728 1828 1759 vice
1848 1725 2013 1771 pulsatur:

157 1791 233 1821 item
264 1790 317 1832 qui
347 1790 518 1820 intersunt.
554 1786 684 1831 quando
713 1787 807 1820 salve
835 1790 952 1831 regina
982 1788 1195 1829 decantaturg
1225 1789 1301 1819 item
1337 1789 1389 1831 qui
1428 1788 1540 1819 misse.
1579 1797 1642 1830 que
1679 1797 1774 1819 mane
1813 1785 1852 1819 de
1882 1788 2012 1830 virgine

156 1847 346 1881 beatissima
368 1846 472 1880 Maria
502 1849 627 1880 cantari
656 1847 711 1880 vel
739 1846 806 1892 legi
826 1850 1011 1882 consuevit.
1041 1847 1227 1881 interfuerit
1255 1851 1285 1880 et
1315 1849 1368 1891 (1111
1398 1856 1457 1891 pro
1478 1857 1572 1890 rege.
1603 1848 1760 1891 episcopo
1791 1850 1822 1879 et
1851 1856 1910 1892 pro
1930 1856 2012 1891 pace

158 1911 253 1953 regni
275 1907 412 1941 Boemie
438 1918 556 1952 preces
582 1906 714 1941 domino
744 1907 806 1941 deo
836 1907 989 1942 funderit.
1020 1908 1060 1941 de
1089 1910 1321 1952 omnipotentis
1351 1907 1403 1940 (lei
1430 1906 1658 1939 misericordia
1687 1910 1719 1939 et
1746 1905 2012 1940 beatissimorum

157 1968 383 2014 apostolorum
421 1967 509 2001 Petri
538 1971 569 2000 et
607 1966 697 2001 Pauli
737 1972 835 2013 atque
872 1968 1099 2001 Bartholomei
1141 1971 1211 2001 eius
1246 1969 1528 2001 sanctissimorum
1568 1977 1699 2012 quoque
1736 1969 1905 2000 martirum
1937 1966 2012 2002 Viti.

158 2028 385 2062 Wenczeslai.
402 2027 586 2071 Adalberti.
603 2027 821 2073 Zigismundi.
837 2028 987 2062 Mauricii
1008 2033 1220 2074 patronorum
1238 2032 1425 2061 nostrorum
1447 2030 1570 2060 meritis
1587 2031 1617 2060 et
1641 2029 1883 2060 intercessione
1899 2025 2014 2060 confisi

158 2101 218 2135 pro
238 2092 313 2123 vice
343 2088 498 2134 qualibet,
528 2093 560 2122 et
580 2088 812 2123 nichilominus
841 2090 978 2134 singulis
1008 2089 1122 2123 diebus
1152 2089 1364 2122 festivitatum
1386 2087 1607 2133 predictarum
1637 2091 1669 2120 et
1699 2090 1844 2133 ipsarum
1874 2089 2012 2121 octavis.

158 2161 222 2195 que
250 2154 359 2183 tamen
390 2153 528 2183 octavas
557 2148 682 2182 habere
711 2148 937 2192 dinoscuntur.
976 2150 1191 2195 quadraginta
1226 2149 1350 2182 dierum
1382 2148 1607 2192 indulgencias
1641 2150 1720 2193 ipsis
1754 2147 2014 2181 misericorditer

158 2213 191 2243 in
227 2209 360 2243 domino
396 2210 633 2243 condonamus.
682 2208 805 2243 Harum
844 2209 960 2255 quibus
996 2210 1102 2254 sigilla
1141 2214 1251 2243 nostra
1290 2209 1330 2242 ad
1368 2212 1559 2254 perpetuam
1599 2211 1647 2241 rei
1684 2210 1878 2241 memoriam
1915 2211 1945 2240 et
1983 2209 2012 2239 111

158 2273 382 2304 testimonium
411 2273 556 2304 omnium
586 2272 825 2315 premissorum
859 2275 933 2304 sunt
971 2281 1114 2316 appensa
1155 2271 1342 2302 testimonio
1379 2268 1561 2301 literarum.
1603 2267 1722 2301 Datum
1762 2270 1793 2300 iu
1823 2266 2014 2300 Luthomusl

158 2341 245 2364 anno
275 2330 397 2364 domini
427 2331 600 2365 millesimo
621 2334 856 2365 trecentesimo
886 2333 1133 2377 septuagesimo
1163 2332 1287 2374 quinto,
1317 2329 1368 2362 die
1398 2329 1525 2362 decima
1555 2332 1674 2361 octava
1706 2330 1828 2361 mensis
1859 2327 2013 2371 Augusti.

158 2393 260 2424 tercia
290 2391 419 2425 decima
448 2392 646 2426 indiccione.

468 2469 559 2504 (Orig,
585 2471 666 2503 Perg.
693 2470 718 2495 11.
743 2470 800 2501 Sig.
824 2471 860 2495 ini
886 2471 973 2495 1113111.
1002 2469 1253 2501 με11111ν51110111νο.1
