2336 3074
1250 219 1325 253 ‘2oti

354 340 394 361 ex
426 328 490 360 alta·
522 330 730 372 permittitur.
761 328 944 362 satagimus
973 336 1146 370 apponere
1175 323 1392 357 solicitudinis
1431 328 1543 357 nostre
1581 328 1706 369 partes.
1754 323 1844 357 Sane
1881 326 2003 369 peticio
2032 334 2092 369 pro
2131 327 2226 370 parte

355 389 548 421 dilectorum
580 392 768 419 nostrorum
801 386 939 418 tiliorum
970 385 1173 419 Theoderici
1195 385 1433 421 Sedliczensis,
1455 384 1590 418 llenrici
1613 384 1809 421 l'lasseusis,
1840 383 1972 418 Gerlaci
1994 384 2225 428 Poniuceiisis,

357 448 477 481 Manno
508 447 733 480 (nanticensis.
767 445 892 479 Nicolai
923 445 964 479 de
995 445 1116 480 (lsseh.
1148 445 1275 478 Nicolai
1305 445 1345 478 de
1374 444 1496 483 Zahar,
1519 444 1689 478 Benedicti
1720 444 1760 478 de
1789 456 1887 479 sacro
1918 444 2058 490 Campo,
2087 445 2226 479 Joannis

357 509 396 541 ‹le
427 508 602 540 Wisowiz.
635 506 774 539 lirhardi
805 506 844 539 de
874 510 988 539 sancta
1019 507 1164 539 t'orona.
1195 505 1333 539 Joaunis
1363 505 1403 539 de
1433 505 1642 544 Wcllehrad,
1673 505 1758 539 l'etri
1789 505 1829 539 de
1858 505 2042 549 Altovado,
2079 505 2225 540 Mathiae

359 570 398 601 «le
437 568 545 600 Scaliz
576 572 605 600 et
644 567 783 600 joannis
813 567 854 600 ‹le
892 567 979 601 Aula
1010 570 1116 609 reg-ia.
1153 566 1306 600 abluitum
1337 570 1367 599 et
1406 571 1631 600 conventuum
1672 568 1950 600 monasteriorum
1990 566 2224 600 Cisterciensis

359 629 493 662 ordinis.
527 628 704 666 l'raffensis
725 632 755 661 et
779 628 1013 661 (llomuccnsis
1034 628 1188 661 ‹tim-esis.
1210 626 1306 660 nobis
1327 638 1432 672 nuper
1452 626 1598 660 exhibita
1620 626 1821 670 cominebat,
1844 627 1930 672 quod
1952 627 2025 660 licet
2056 627 2225 672 predictus

358 690 440 722 «vi-«lo
479 700 551 721 cum
591 690 662 732 ejus
701 690 924 722 monasteriis.
964 687 1122 722 membris
1157 693 1185 721 et
1224 688 1305 721 locis
1343 699 1383 721 ac
1411 690 1564 733 personis
1604 687 1802 731 degentibus
1841 690 1871 722 in
1901 688 2026 722 eisdem
2065 687 2106 721 ab
2135 689 2224 721 omni

353 749 604 793 jurisdiccioiw.
635 748 780 782 dominio
810 753 839 781 et
872 753 1036 794 potestate
1066 748 1284 794 quorumlibet
1317 748 1560 782 ordinariorum
1587 748 1734 792 judicum
1765 753 1830 782 tam
1860 760 1920 794 per
1949 748 2105 794 specialia
2135 748 2224 782 sedis

357 810 538 855 apostolice
560 810 747 854 proiice-ia.
778 809 896 854 quibus
917 820 983 842 non
1017 814 1064 843 est
1087 812 1117 843 in
1139 809 1248 854 aliquo
1270 809 1480 852 derogatum,
1510 819 1606 854 quam
1629 811 1734 842 eciam
1765 809 1805 842 (le
1826 812 1959 854 antiqua
1989 813 2021 842 et
2041 808 2224 854 approbata

357 882 394 903 ac
425 870 584 903 hactenus
604 869 744 915 paeilice
773 868 953 903 observata
976 870 1217 903 consuetudine
1246 872 1284 903 sit
1307 880 1444 915 prorsus
1474 874 1650 914 exemptus
1671 874 1703 903 et
1731 869 1915 915 apostolice
1935 870 2005 903 sedi
2036 869 2226 903 immediate

357 930 537 973 subjectus.
568 930 673 963 dictus
703 930 785 963 ordo
815 941 889 963 cum
920 931 993 974 ejiis
1023 933 1233 964 monasteriis
1263 941 1301 963 ac
1332 929 1501 967 membris.
1532 930 1613 963 locis
1643 934 1674 963 et
1703 933 1856 976 personis
1886 933 1917 963 in
1947 933 1995 964 cis
2025 929 2224 974 degentibus

357 994 462 1036 querit
494 993 523 1023 in
554 990 690 1036 pacifica
721 993 938 1036 possessione
967 991 1021 1025 vel
1051 994 1143 1036 quasi
1169 993 1266 1035 juris.
1286 990 1446 1024 libertatis
1475 995 1508 1025 ct
1536 994 1766 1037 cxempcionis
1795 990 1997 1033 huiusmodi,
2026 1002 2044 1024 a
2075 994 2225 1036 tempore

359 1054 452 1095 cujus
483 1054 640 1085 contrarii
671 1055 831 1085 memoria
861 1063 927 1085 non
957 1055 1087 1086 existit:
1128 1057 1238 1085 tamen
1267 1051 1388 1085 obinde
1418 1051 1620 1085 venerabilis
1651 1052 1754 1086 frater
1783 1056 1898 1085 noster
1926 1050 2075 1085 Joannes
2104 1050 2224 1084 archi-

358 1116 534 1158 episcopus
565 1112 756 1149 l‘raffensis.
786 1123 943 1146 asserens
973 1123 1009 1146 se
1038 1112 1184 1157 leg-atum
1214 1117 1324 1146 natum
1356 1115 1386 1146 in
1417 1116 1482 1146 tota
1513 1115 1685 1159 provincia
1716 1112 1878 1156 Prageusi
1899 1116 1930 1146 et
1959 1112 2124 1146 nonnullis
2153 1112 2225 1145 aliis

358 1172 545 1206 civitatibus
566 1177 596 1205 et
618 1172 806 1206 diocesibus
827 1173 934 1206 eidem
955 1176 1131 1219 provincie
1150 1175 1282 1207 vicinis.
1304 1177 1336 1206 et
1356 1178 1470 1207 contra
1488 1175 1654 1217 justiciam
1678 1176 1815 1219 cupiens
1836 1173 2022 1207 huiusmodi
2050 1173 2226 1219 privilegia

358 1234 541 1277 infringere
562 1244 600 1266 ac
620 1233 788 1279 predictos
808 1233 945 1267 abbates
966 1245 1024 1267 seu
1046 1234 1205 1279 quosdam
1229 1246 1272 1267 ex
1292 1236 1331 1267 iis
1351 1245 1410 1268 sue
1427 1235 1657 1278 jurisdiccioni
1678 1233 1845 1278 subjicere
1866 1238 2021 1280 pretextu
2042 1234 2226 1278 legacionis

358 1294 544 1327 huiusmodi
573 1305 686 1328 coram
726 1305 763 1328 se
791 1294 846 1328 vel
882 1297 1012 1328 vicario
1041 1306 1113 1333 suoq
1152 1295 1351 1340 quandoque
1381 1295 1419 1328 ad
1459 1297 1652 1328 instanciam
1683 1298 1830 1341 parcium
1871 1299 1903 1328 et
1931 1305 2143 1340 nonunquam
2183 1305 2226 1328 ex

358 1355 478 1389 ollicio,
500 1354 539 1387 ad
564 1355 724 1398 judicium
755 1355 808 1389 vel
838 1355 878 1388 ad
908 1355 1164 1401 impendendum
1195 1355 1255 1389 sibi
1285 1355 1515 1389 obedienciam
1545 1360 1577 1389 et
1605 1358 1838 1389 reverenciam
1869 1358 1974 1389 eciam
2005 1354 2228 1401 personaliter

360 1418 452 1449 citari
482 1420 513 1448 et
543 1418 679 1449 evocari
710 1415 880 1449 mandavit
909 1419 941 1449 et
967 1416 1055 1453 fecit„
1077 1421 1192 1449 contra
1222 1416 1371 1462 prefatos
1401 1415 1537 1449 abbates
1566 1427 1624 1450 seu
1654 1418 1800 1461 ipsorum
1831 1416 1959 1461 aliquos
1989 1420 2020 1449 et
2049 1418 2225 1462 presertim

359 1481 473 1510 contra
504 1476 624 1509 dictum
662 1476 826 1510 Joannem
865 1476 1019 1510 abbatem
1058 1480 1252 1510 monasterii
1290 1477 1378 1511 Aule
1415 1479 1510 1519 regie
1538 1476 1714 1510 nonnullos
1751 1487 1944 1522 processus„
1975 1476 2128 1510 diversas
2157 1487 2226 1510 ex-

359 1539 686 1570 communicacionis.
716 1539 946 1583 suspensionis
975 1541 1005 1571 et
1036 1537 1201 1571 interdicti
1231 1540 1421 1571 sentencias
1450 1539 1658 1570 continentes
1688 1536 1810 1570 fecisse
1839 1537 1969 1579 dicitur,
1996 1541 2134 1583 propter
2162 1547 2226 1582 que

359 1600 444 1630 inter
473 1600 577 1642 ipsum
607 1596 895 1643 archiepiscopum
925 1609 968 1631 ex
997 1609 1061 1631 una
1090 1602 1185 1644 parte
1223 1602 1256 1632 et
1283 1598 1433 1644 prefatos
1462 1597 1599 1632 abbates
1629 1609 1671 1630 ex
1709 1601 1803 1643 parte
1841 1597 1943 1631 altera
1982 1597 2118 1631 diverse
2153 1597 2226 1631 lites

361 1662 388 1690 et
421 1661 611 1703 questiones
641 1662 713 1691 sunt
753 1662 871 1691 exorte
902 1662 934 1691 et
972 1669 1092 1703 magna
1122 1659 1246 1693 exinde
1283 1659 1439 1693 scandala
1476 1661 1601 1692 exoriri
1641 1658 1869 1692 formidantur.
1901 1658 2013 1700 Quare
2041 1669 2102 1704 pro
2131 1661 2225 1704 parte

361 1719 521 1751 dictorum
543 1718 696 1752 abbatum
727 1723 756 1752 et
779 1723 1003 1752 conventuum
1033 1719 1129 1753 nobis
1158 1719 1217 1753 fuit
1236 1719 1404 1753 humiliter
1432 1719 1662 1764 supplicatum,
1692 1723 1725 1752 ut
1754 1719 1935 1764 providere
1956 1721 1994 1752 iis
2023 1730 2124 1765 super
2162 1718 2226 1752 hoc

362 1779 401 1811 de
431 1783 617 1824 opportuno
646 1779 795 1813 remedio
832 1784 969 1825 paterna
1001 1780 1176 1821 diligencia
1215 1791 1422 1813 curaremus.
1470 1779 1539 1813 Nos
1574 1782 1674 1823 igitur
1703 1779 1923 1819 attendentes„
1960 1780 2046 1824 quod
2076 1778 2226 1825 prefatus

362 1839 634 1885 archiepiscopus
671 1844 826 1885 pretextu
862 1840 1047 1885 legacionis
1086 1840 1273 1874 huiusmodi
1303 1840 1423 1874 nullam
1454 1843 1484 1874 in
1522 1840 1671 1886 prefatos
1701 1839 1848 1874 abbates.
1877 1844 1909 1873 et
1946 1844 2133 1874 conventus
2170 1839 2226 1874 vel

362 1902 506 1944 ipsorum
537 1903 738 1933 monasteria
778 1912 836 1934 seu
866 1900 1016 1934 membra
1054 1901 1108 1934 vel
1138 1901 1210 1934 loca
1245 1901 1519 1945 jurisdiccionem
1548 1901 1604 1935 vel
1634 1905 1831 1946 potestatem
1871 1912 2036 1934 exercere
2072 1901 2127 1935 vel
2165 1899 2225 1934 sibi

363 1960 605 2004 quomodolibet
627 1961 809 1995 vendicare
829 1966 950 2007 potest.
972 1966 1002 1994 et
1030 1964 1214 2007 cupientes„
1235 1966 1331 2007 prout
1352 1973 1395 1995 ex
1423 1961 1532 1995 debito
1562 1966 1714 1995 tenemur
1733 1961 1909 2007 pastoralis
1929 1960 2042 2005 officii,
2068 1961 2226 2007 predictis

362 2020 525 2054 scandalis
562 2020 714 2055 obviare.
752 2021 939 2055 huiusmodi
980 2022 1281 2068 supplicacionibus
1319 2022 1476 2065 inclinati,
1524 2033 1640 2056 omnes
1678 2022 1752 2057 lites
1790 2026 1822 2056 et
1859 2033 1990 2065 causas⁷
2039 2034 2102 2068 que
2140 2025 2226 2056 inter

362 2081 528 2126 predictos
558 2081 844 2128 arehiepiscopum
876 2087 905 2115 et
936 2082 1073 2116 abbates
1102 2085 1340 2128 premissorum
1362 2086 1542 2117 occasione
1572 2082 1820 2128 quomodolibet
1848 2083 2004 2129 pendent,
2025 2082 2226 2116 authoritate

364 2141 544 2186 apostolica
584 2142 622 2175 ad
660 2154 721 2176 nos
768 2143 985 2183 advocamus,
1028 2143 1158 2189 prefato
1204 2143 1458 2189 archiepiscopo
1497 2145 1636 2188 ejusque
1673 2143 1926 2177 successoribus
1964 2142 2225 2189 archiepiscopis

365 2201 599 2245 Pragensibus.
630 2205 683 2247 qui
713 2208 808 2236 erunt
838 2214 898 2249 pro
928 2208 1089 2249 tempore.
1121 2216 1159 2237 ae
1189 2207 1334 2249 ipsorum
1365 2207 1512 2247 vicariis7
1542 2203 1738 2238 officialibus
1768 2208 1798 2237 et
1820 2207 2057 2238 commissariis
2083 2203 2226 2249 quibus—

364 2273 492 2306 cunque
522 2262 706 2296 ‹listriccius
735 2263 922 2297 inhibentes
952 2268 983 2297 et
1012 2264 1072 2298 sub
1101 2275 1186 2310 pena
1215 2267 1419 2310 privacionis
1448 2264 1635 2298 huiusmodi
1664 2265 1848 2309 legacionis
1878 2265 2084 2307 mandantes7
2114 2275 2156 2298 ne
2192 2267 2224 2298 in

364 2326 472 2355 causis
501 2326 579 2367 ipsis
609 2335 741 2368 quoquo
779 2325 877 2357 modo
906 2325 1093 2370 procedere
1122 2325 1177 2358 vel
1205 2330 1360 2371 pretextu
1390 2325 1576 2359 huiusmodi
1615 2325 1798 2370 legacionis
1827 2325 1975 2371 prefatos
2005 2325 2142 2359 abbates
2171 2329 2227 2358 aut

365 2388 550 2416 conventus
570 2384 626 2417 vel
646 2387 792 2430 ipsorum
822 2389 1022 2419 monasteria
1045 2397 1103 2420 seu
1134 2386 1206 2419 loca
1228 2391 1281 2419 aut
1310 2397 1473 2432 personas
1502 2389 1534 2419 in
1563 2389 1610 2419 eis
1639 2386 1801 2430 degentes
1831 2385 2078 2431 quomodolibet
2096 2396 2225 2420 vexare

364 2448 415 2475 aut
447 2444 623 2477 molestare
662 2451 864 2489 presumant.
901 2457 939 2479 ac
978 2447 1199 2480 decernentes
1228 2451 1260 2480 et
1297 2449 1506 2492 presencium
1538 2451 1655 2480 tenore
1694 2446 1915 2488 declarantes„
1954 2450 2018 2479 tam
2057 2446 2225 2492 predictos

365 2514 460 2547 quam
500 2507 603 2537 ceiam
635 2505 716 2538 alios
754 2517 970 2551 quoscunque
1008 2518 1188 2552 processus
1219 2511 1249 2540 et
1285 2510 1474 2541 sentencias
1504 2518 1563 2552 per
1591 2509 1696 2552 ipsum
1735 2507 2023 2552 archiepiscopum
2060 2506 2115 2540 vel
2154 2509 2225 2540 eius

364 2565 510 2596 vicarios
548 2574 606 2597 sen
645 2564 805 2598 officiales
835 2566 888 2599 vel
928 2570 1178 2600 commissarios
1214 2571 1370 2613 pretextu
1408 2567 1556 2612 predicte
1603 2567 1787 2612 legacionis
1832 2567 1937 2600 factos
1975 2578 2034 2600 seu
2071 2567 2155 2600 latos
2193 2570 2226 2599 et

367 2626 569 2669 inposterum
600 2624 722 2657 forsan]
762 2625 932 2659 faciendos
961 2638 1019 2659 seu
1059 2627 1228 2661 ferendos.
1268 2627 1341 2661 fore
1370 2627 1476 2661 nullos
1514 2632 1611 2672 atque
1649 2627 1754 2660 nullas
1783 2627 1968 2672 nulliusque
2005 2626 2136 2660 roboris
2169 2626 2225 2660 vel

367 2686 536 2716 momenti.
564 2684 793 2729 prefatumque
822 2685 1108 2732 archiepiscopum
1139 2692 1169 2720 et
1199 2698 1416 2721 successores
1445 2688 1613 2733 predictos
1642 2687 1827 2721 huiusmodi
1857 2687 2040 2731 legacionis
2068 2691 2222 2733 pretextu
