2336 3074
1251 209 1326 242 Qus

512 313 555 345 tii
589 313 666 345 liot-
697 318 761 344 est
794 315 988 356 primum.
1013 313 1095 352 Quia
1128 316 1156 345 in
1187 313 1404 346 electionibus
1432 314 1633 359 prelatorum
1666 315 1796 357 longior
1817 326 1909 348 mora
1939 319 2112 349 consuevit
2144 328 2219 350 esse

353 378 505 417 suspectu
546 378 573 405 et
607 373 676 418 plus
707 373 874 405 modernis
909 372 1124 418 temporibus.
1157 378 1185 406 nt
1224 377 1430 419 experientia
1461 374 1569 408 docet.
1600 375 1752 408 ecclesiis
1782 375 1963 421 dampnosa
1994 380 2021 408 et
2054 380 2218 421 personis.

352 437 523 465 ,5131313135
562 438 590 464 et
623 433 834 465 orilinznnus:
867 433 952 477 quod
992 433 1030 465 ad
1066 433 1262 467 electionem
1294 437 1441 480 episcopi
1471 439 1523 467 3111
1563 435 1679 468 decani
1710 447 1767 468 seu
1799 439 1956 481 prepositi
1987 436 2220 470 (tioium-ensis

353 494 495 526 ccelesii-
531 505 688 525 successu
727 497 885 539 temporis
924 493 1158 527 eeleln·aiulaiii
1199 495 1314 540 prelati
1354 499 1384 527 et
1415 498 1579 531 canonici.
1619 507 1757 540 quorum
1799 499 1947 530 interest.
1985 497 2024 530 de
2059 498 2135 540 jure
2167 497 2220 530 tali

354 559 514 586 interesse
553 554 706 586 electioni
745 557 773 587 in
813 557 948 587 civitate
987 559 1014 587 et
1048 558 1077 588 iu
1114 555 1252 600 dmi-esi
1293 555 1507 588 (tlomucensi
1545 566 1670 588 11101331
1710 555 1880 589 trabentes
1918 556 2088 590 dumtaxat
2128 559 2221 590 citari

353 613 491 646 dclvi-:int
523 619 551 645 et
593 617 719 647 vocari.
760 619 788 646 et
821 626 884 647 non
916 615 971 648 illi.
1003 618 1055 660 qui
1095 620 1189 648 extra
1222 619 1324 660 ipsam
1355 616 1526 661 dyocesim
1567 616 1825 649 Olomueensem
1857 616 1989 650 trabunt
2019 628 2158 659 morum,
2188 621 2221 650 ut

353 687 392 705 eo
422 677 516 706 citius=
547 677 647 719 ipsius
677 675 822 707 ecclesie
853 675 1079 720 imlcnipnilali
1111 676 1150 708 de
1181 676 1330 709 remedio
1360 676 1587 721 providentur.

509 752 590 784 Sec
605 752 714 784 undu
729 764 768 785 m.
802 752 892 785 111-111.
925 752 1012 786 Licet
1044 753 1170 798 pridem
1202 753 1347 786 (lecimus
1378 758 1406 786 et
1438 757 1626 799 prepositus
1656 754 1695 787 de
1726 766 1814 788 novo
1845 758 2003 788 intrantes
2042 755 2220 789 ecclesiam

353 812 609 844 (llomucensem
631 811 763 856 quilibet
795 817 1087 857 (11131110111131-035
1116 818 1362 850 1110553133101
1395 817 1575 847 canonieus
1607 819 1672 847 tres
1704 826 1833 848 11131035
1863 826 1922 860 pro
1951 827 2054 861 cappa
2085 815 2220 849 solvere

351 876 583 906 consueverit:
625 878 732 906 tamen
764 878 867 906 tractu
907 877 1065 919 temporis
1095 874 1179 907 adeo
1219 874 1308 907 viluit
1341 879 1485 909 moneta.
1525 879 1554 907 nt
1587 878 1642 908 vix
1679 886 1738 920 pro
1768 880 1909 919 quatuor
1947 878 2067 909 11131015
2102 878 2221 909 emitur

351 944 466 978 cappa.
498 945 560 977 que
582 936 672 979 prius
701 945 762 979 pro
793 934 895 967 tribus
926 937 1047 967 marcis
1077 937 1177 979 potnit
1209 938 1408 980 comparari.
1433 935 1526 968 l'nde
1548 935 1701 968 duximus
1722 936 1943 969 statuemlnm.
1966 936 2051 981 qnod
2074 936 2220 969 decanus

351 998 379 1026 et
411 997 599 1039 prepositus
621 995 660 1027 de
691 1006 780 1027 novo
803 997 962 1027 intrantes
994 998 1096 1040 ipsam
1119 994 1296 1028 ecclesiam
1322 995 1579 1029 Olomucensem
1611 995 1743 1040 quilibet
1774 1007 1834 1041 pro
1864 1007 1967 1042 cappa
1997 1008 2059 1030 sex
2090 1008 2220 1030 marcas

351 1065 559 1090 grossorum.
600 1054 856 1088 archidiaconus
896 1066 979 1088 vero
1010 1059 1150 1100 quatuor
1190 1067 1331 1090 marcas.
1363 1056 1494 1101 quilibet
1536 1059 1665 1089 ratione
1694 1068 1754 1090 sue
1783 1057 1950 1102 prelature
1989 1057 2161 1090 dumtaxat
2189 1062 2221 1090 ct

350 1114 482 1159 quilibet
505 1118 686 1148 eanonicus
707 1115 747 1148 de
770 1127 858 1149 noio
881 1119 1006 1148 intrans
1027 1120 1168 1160 quatuor
1190 1128 1319 1149 marcas
1349 1128 1409 1162 pro
1430 1128 1534 1162 cappa
1558 1116 1641 1150 infra
1664 1121 1731 1149 tres
1753 1128 1886 1150 menses
1907 1129 1924 1150 3
1945 1118 1997 1150 die
2018 1120 2220 1163 receptionis

349 1175 409 1209 51111
438 1186 522 1220 pena
552 1180 747 1208 statutorum
778 1179 985 1220 antiquorum
1016 1176 1152 1209 solvere
1183 1181 1367 1210 teneantur.
1417 1177 1537 1211 Custos
1566 1188 1649 1210 vero
1679 1181 1711 1209 et
1740 1178 1947 1219 scolasticus
1978 1181 2031 1222 qui
2069 1180 2219 1211 canonici

349 1247 414 1269 non
446 1236 577 1269 suerint.
619 1239 731 1269 mitras
770 1236 912 1269 babeant
945 1237 1158 1270 canonicales
1196 1248 1234 1269 ac
1264 1237 1393 1270 stallum
1430 1240 1461 1270 in
1491 1237 1596 1270 011010
1633 1238 1820 1271 immediate
1858 1242 1931 1283 post
1969 1241 2150 1272 canonicos
2189 1242 2219 1271 et

351 1296 456 1329 locum
488 1299 518 1329 111
548 1299 766 1341 processione
796 1302 867 1342 post
899 1299 1045 1330 vicarios
1075 1301 1104 1329 et
1136 1296 1268 1342 quilibet
1300 1300 1445 1343 ipsorum
1477 1309 1536 1343 pro
1566 1309 1670 1343 cappa
1700 1302 1841 1342 quatuor
1862 1310 1992 1331 marcas
2021 1309 2218 1339 grossorum

349 1356 388 1389 ad
420 1359 522 1389 instar
551 1360 702 1390 canonici
732 1357 867 1391 solu—ro
898 1362 1049 1391 teneatur
1080 1358 1178 1391 modo
1207 1358 1409 1403 supradicto.
1459 1358 1493 1391 Si
1531 1369 1613 1391 vero
1650 1358 1766 1402 aliquis
1808 1362 1954 1403 ipsorum
1986 1358 2128 1392 voluerit
2156 1369 2217 1404 pro

349 1428 385 1449 se
415 1428 553 1462 cappam
590 1428 799 1462 comparare.
840 1418 902 1451 lioc
933 1418 1046 1452 facere
1086 1421 1207 1464 poterit
1244 1418 1283 1451 ad
1316 1422 1421 1452 minus
1457 1419 1638 1452 secundum
1678 1418 1828 1451 valorem
1858 1430 1986 1451 sumine
2016 1418 2216 1464 supradicte.

350 1477 386 1510 Et
427 1478 511 1511 infra
551 1483 617 1511 tres
656 1478 726 1511 dies
765 1490 824 1511 sue
863 1482 1064 1524 receptionis
1102 1482 1275 1525 proximos
1313 1479 1526 1525 prelwndatis
1571 1478 1705 1524 quilibet
1744 1481 1890 1524 ipsorum
1925 1490 2023 1512 unam
2072 1490 2218 1512 marcam

349 1549 546 1574 grossorum
577 1543 606 1572 et
636 1541 774 1572 notariis
804 1540 935 1585 capituli
966 1540 1107 1573 mediam
1138 1551 1284 1573 marcam
1315 1551 1512 1584 grossorum
1543 1540 1679 1573 solvere
1709 1544 1872 1573 teneatur.

505 1616 711 1649 Tertium.
761 1616 904 1657 Quilibet
942 1620 1159 1651 vicariorum.
1196 1618 1418 1651 altaristarum
1456 1622 1488 1651 et
1534 1622 1646 1651 rector
1684 1617 1775 1652 seole
1822 1618 1906 1650 infra
1946 1621 2013 1650 tres
2047 1617 2118 1651 dies
2160 1628 2219 1651 sue

349 1679 532 1721 receptioni
563 1679 747 1721 111-01111105.
778 1680 896 1710 vicarii
926 1682 956 1710 et
987 1682 1100 1711 rector
1129 1678 1220 1711 scole
1242 1677 1454 1723 prebendatis
1476 1689 1635 1712 marcam.
1657 1680 1793 1711 notariis
1815 1688 1897 1711 vero
1919 1688 2018 1710 numu
2041 1677 2218 1715 fertonem„

350 1741 379 1769 et
410 1736 554 1769 altarista
587 1736 800 1782 prebendatis
829 1749 927 1771 unum
959 1738 1122 1772 fertonem
1153 1743 1183 1772 et
1213 1742 1350 1772 notariis
1379 1739 1469 1772 Vlli.
1500 1750 1639 1779 grossos
1668 1739 1803 1772 solvere
1833 1738 2042 1772 tenebuntur.

507 1815 728 1856 Quartum.
777 1816 870 1849 Item.
920 1816 1014 1856 Quod
1055 1819 1153 1849 ctiam
1192 1816 1335 1850 ecclesia
1374 1819 1479 1850 sancti
1514 1816 1659 1850 Mauritii
1687 1819 1719 1849 in
1758 1816 1918 1850 Olomucz
1948 1817 2087 1861 singulis
2125 1820 2219 1850 annis

349 1875 484 1909 solvere
521 1880 680 1909 consueta
719 1887 736 1908 a
775 1879 952 1909 retroactis
988 1876 1193 1922 temporibus
1232 1879 1350 1921 viginti
1388 1882 1463 1910 octo
1500 1888 1631 1910 11131035
1667 1888 1863 1921 grossorum
1902 1880 2065 1910 0311011100
2095 1880 2217 1910 tenenti

350 1935 553 1981 prebendam
591 1939 622 1969 in
660 1936 937 1970 Zanascbiowicz
975 1940 1104 1971 ratione
1151 1940 1430 1983 incorporationis
1475 1941 1610 1983 propter
1656 1937 1815 1982 plurimos
1853 1948 1989 1970 errores
2025 1939 2056 1970 111
2100 1937 2217 1971 eadem

350 1999 547 2029 commissos
577 2001 606 2029 et
646 2000 743 2030 etiam
774 2002 910 2042 propter
946 1998 1046 2031 litium
1078 2001 1234 2031 materias
1273 2002 1302 2031 ct
1333 1997 1489 2031 scandala
1527 1998 1679 2043 1111111313,
1710 2008 1773 2042 que
1812 1997 2044 2031 Olomncensis
2074 1997 2217 2031 ecclesia

351 2060 381 2089 in
410 2060 477 2090 suis
506 2068 604 2102 passa
627 2062 674 2090 est
705 2058 975 2101 adversitatibus,
996 2063 1133 2104 propter
1152 2059 1269 2092 similia
1290 2062 1351 2104 ipsi
1372 2058 1543 2104 prebende
1572 2069 1632 2103 per
1661 2057 1862 2091 ordinarium
1894 2057 1957 2090 loci
1978 2059 2062 2090 uniri
2099 2056 2219 2091 debeat

351 2120 404 2150 ita.
443 2117 528 2161 quod
568 2122 640 2163 post
677 2123 817 2151 mortem
856 2122 973 2152 vicarii
1010 2122 1162 2164 perpetui
1200 2119 1348 2153 ciusdem
1384 2119 1528 2152 ecclesie
1567 2121 1671 2151 sancti
1709 2117 1852 2151 Mauritii
1892 2120 2073 2151 canonicus
2112 2120 2216 2163 ipsam

351 2181 466 2210 tenens
495 2177 698 2223 prebendam
721 2183 898 2212 censeatur
918 2182 1100 2213 canonicus
1121 2184 1152 2213 et
1181 2179 1342 2225 plebanus
1363 2179 1403 2213 ab
1432 2179 1601 2213 ordinario
1622 2179 1686 2211 loci
1707 2181 1872 2224 recipiens
1893 2189 2006 2211 curam
2032 2181 2216 2211 animarum

351 2237 452 2270 salvis
482 2237 606 2271 iuribus
636 2238 862 2272 archidiaconi
893 2239 1139 2274 Olomucensis.

507 2306 719 2347 Quintum.
768 2307 860 2341 Item.
910 2308 1050 2354 Propter
1088 2309 1325 2353 negligentiam
1364 2313 1396 2342 et
1425 2308 1583 2342 desidiam
1614 2307 1843 2353 plurimorum„
1882 2309 1935 2352 qui
1965 2306 2083 2340 bonam
2114 2310 2215 2341 vitam

351 2365 508 2399 ducentes
530 2367 601 2400 lites
619 2372 823 2401 exsecuntur
840 2373 868 2401 et
891 2380 1071 2414 expensas
1093 2369 1180 2403 unde
1196 2368 1378 2411 libertates⁷
1395 2370 1471 2413 jura
1489 2372 1520 2402 et
1540 2368 1695 2401 utilitates
1712 2367 1906 2411 dignitatum
1925 2371 1956 2399 et
1972 2366 2216 2412 prebendarum

350 2425 597 2462 subtrabuntur.
635 2433 775 2473 pereunt
814 2433 844 2461 et
883 2429 1109 2474 negliguntur„
1146 2432 1318 2463 statuimus
1357 2434 1387 2462 et
1426 2429 1636 2463 ordinamus:
1685 2427 1769 2472 quod
1811 2427 1969 2470 decanus,
2015 2430 2215 2473 prepositus,

350 2485 604 2520 archidiaconus
633 2492 686 2521 aut
707 2491 889 2522 0330310115
918 2500 977 2522 seu
1007 2492 1153 2523 vicarius
1183 2494 1259 2535 aput
1290 2490 1468 2523 ecclesiam
1498 2489 1661 2531 1051110351
1692 2499 1788 2533 quem
1818 2499 1879 2533 pro
1909 2487 2034 2521 iuribus
2063 2486 2216 2521 beneficii

350 2548 400 2579 sui
437 2546 567 2590 litigare
605 2550 793 2592 contigerit.
833 2560 851 2581 a
881 2548 945 2591 die,
984 2560 1048 2594 quo
1087 2549 1184 2582 talem
1222 2549 1312 2583 litem
1342 2553 1371 2583 in
1409 2549 1552 2594 capitulo
1581 2550 1794 2594 proposuerit
1831 2552 1863 2581 et
1896 2550 2002 2593 ipsun]
2038 2547 2214 2592 capitulum

350 2606 447 2639 talem
478 2606 564 2639 litem
596 2608 832 2652 approbaverit
854 2608 926 2642 fore
956 2613 987 2642 et
1016 2620 1092 2643 esse
1122 2610 1354 2655 incipiendam,
1384 2612 1556 2654 portiones
1576 2607 1786 2654 presentibus
1815 2606 1942 2641 debitas
1971 2611 2084 2653 preter
2111 2617 2216 2652 panes

350 2665 470 2699 absens
500 2670 658 2712 percipiat
689 2668 826 2702 durante
855 2669 910 2702 lite
940 2669 994 2702 tali
1023 2673 1076 2702 ant
1106 2673 1177 2715 ipso
1207 2669 1349 2715 capitulo
1379 2680 1423 2702 ex
1452 2679 1551 2702 causa
1580 2679 1682 2714 snper
1710 2679 1748 2701 ea
1778 2667 1864 2701 aliud
1894 2667 2110 2700 deliberante.
