2336 3074
1053 238 1125 271 553

159 341 332 375 antedictis
363 341 518 375 fratribus
548 341 672 375 ordinis
700 343 805 374 sancti
835 342 1013 385 Augustini
1042 343 1226 378 antedictos
1256 345 1338 379 duos
1368 345 1494 379 modios
1523 345 1661 389 siliginis
1691 356 1777 379 anno
1807 344 1950 390 quolibet
1988 356 2019 377 in

159 401 356 448 supradictis
385 405 534 435 terminis
569 404 640 435 sine
675 401 818 446 qnalibet
856 403 1117 436 contradictione
1155 409 1184 437 et
1225 404 1417 439 difficultate
1455 405 1493 438 ad
1525 406 1655 451 plenum
1695 406 1774 439 dare
1803 418 1865 440 nec
1895 418 1953 440 eos
1987 409 2019 439 in

158 465 374 508 perceptione
403 462 585 496 eorundem
614 461 775 508 impedire
805 466 857 495 aut
888 466 1078 508 permittere
1108 466 1138 497 in
1168 465 1276 510 aliquo
1306 465 1469 511 impediri.
1500 465 1534 499 In
1565 469 1657 499 cuius
1679 469 1725 499 rei
1756 467 1956 500 evidentiam
1987 471 2019 499 ct

159 522 261 555 robur
289 527 450 569 perpetue
485 523 661 556 valiturum
698 522 839 567 sigillum
880 534 985 556 mcum
1023 528 1053 556 et
1091 525 1196 568 sigilla
1234 530 1443 559 strenuorum
1484 529 1630 559 virorum
1661 526 1782 560 domini
1813 526 1942 560 Alberti
1979 527 2018 560 de

160 582 329 628 Koufung‚
365 583 499 617 Heni-ici
538 583 613 617 dicti
653 583 692 616 de
730 582 975 628 Schettenherg
1013 589 1042 617 et
1079 584 1270 619 Zdenkonis
1307 585 1434 630 Ungui-i
1470 586 1510 619 de
1549 586 1705 631 Rougtia,
1745 599 1827 632 quos
1871 588 1909 621 ad
1954 587 2016 621 hoc

160 643 348 689 specialiter
376 646 494 688 rogavi
524 655 584 690 pro
614 642 762 686 testibus2
792 646 946 688 praesenti
974 644 1077 677 litera·
1115 645 1154 678 de
1193 650 1283 679 cei-ta
1314 657 1386 680 mea
1416 649 1553 680 scientia
1582 652 1655 680 sunt
1685 658 1841 694 appensa.
1895 647 2015 681 Actum

160 708 191 736 et
220 704 328 737 (latum
351 703 566 738 Chrommaw
594 714 680 737 anno
701 704 822 737 domini
853 704 1025 737 millesimo
1056 709 1290 740 trecentesimo
1320 709 1533 751 sexagesimo
1563 710 1687 752 quinto,
1709 707 1761 741 die
1787 707 1872 741 beati
1894 707 2016 742 Mathei

159 764 298 810 apostoli
328 769 359 798 et
389 764 615 809 evangelistae.

471 843 631 877 (Einfaclie,
656 853 706 869 ans
730 843 791 869 dem
820 844 866 868 17.
891 843 992 868 Jalirli.
1017 844 1190 869 stamineum·
1215 845 1363 870 Absctirift
1389 846 1423 870 ini
1449 846 1536 870 miihr.
1562 846 1816 881 Laiidesareliive.)

1069 1033 1108 1067 ἵ.

163 1152 203 1185 K.
236 1151 376 1187 ll‘enz-e!
404 1152 423 1185 I
433 1152 465 1186 Γ.
498 1153 675 1197 bestattiqt
703 1154 757 1187 <lie
778 1152 1103 1197 Erbsblqeordmmq
1133 1154 1200 1187 med
1225 1154 1492 1198 Gillertlzee'lettey.
1525 1155 1651 1188 welche
1671 1155 1862 1200 itlarlcqraf
1880 1156 2016 1190 Joleame

335 1224 397 1246 ron
428 1213 572 1247 Malu-eu
600 1216 659 1258 fiir
687 1215 782 1247 seiae
811 1213 929 1247 So'lme
954 1216 1154 1258 festqesetzl
1182 1214 1287 1248 hatte.
1320 1214 1376 1248 Dt.
1409 1214 1513 1258 Praq.
1546 1215 1601 1249 12.
1633 1215 1708 1249 Mae·
1739 1215 1846 1249 1371.

318 1289 590 1343 Wenczeslaus
634 1309 686 1342 dei
722 1312 836 1354 gracia
875 1308 1012 1343 Boemie
1051 1320 1122 1353 rex7
1162 1309 1508 1355 Brandemburgensis
1543 1310 1692 1344 marchio
1728 1316 1760 1345 et
1804 1311 1911 1346 Slesie
1949 1313 2015 1346 dux

160 1368 415 1402 notumfacimus
445 1373 561 1402 tenore
594 1372 805 1415 presencium
836 1372 1012 1402 universis.
1061 1369 1155 1411 Quod
1193 1381 1265 1403 cum
1303 1370 1435 1404 illustris
1463 1370 1634 1404 Johannes
1673 1372 1821 1405 marchio
1850 1372 2013 1411 Moraviet

160 1432 314 1476 princeps
344 1434 375 1463 et
404 1434 539 1475 patruus
569 1434 683 1463 noster
711 1432 903 1463 carissimus
932 1432 964 1462 in
993 1434 1023 1463 et
1053 1430 1093 1463 de
1122 1433 1306 1476 principatu
1336 1436 1366 1464 et
1396 1431 1540 1465 dominio
1575 1431 1821 1466 marchionatus
1849 1432 2014 1477 Moravie,

160 1493 214 1536 qui
243 1490 303 1524 sibi
333 1495 365 1524 et.
393 1493 460 1524 suis
489 1489 669 1524 heredibus
697 1501 757 1536 pro
786 1494 923 1536 paterna
954 1502 1011 1523 sua
1041 1493 1200 1535 porcione
1230 1494 1261 1524 in
1299 1491 1424 1525 illustre
1460 1496 1490 1524 et
1528 1495 1659 1537 insigne
1695 1492 1827 1526 feodum
1866 1505 1884 1526 a
1921 1494 2015 1528 nohis

161 1556 326 1596 tamquam
364 1562 446 1595 rege
483 1550 622 1584 Boemie
660 1555 691 1584 et
729 1553 830 1596 ipsius
869 1553 963 1595 regni
1003 1561 1126 1583 corona
1165 1551 1326 1584 tenendus
1361 1556 1392 1584 et
1421 1556 1581 1597 perpetue
1611 1553 1829 1598 possidendus
1860 1554 1953 1587 datus
1983 1559 2014 1588 et

161 1612 299 1646 collatus
338 1611 530 1653 dinoscitur‚
569 1613 654 1644 inter
690 1611 833 1645 illustres
871 1611 1046 1654 Jodocnin,
1084 1610 1269 1644 Johannem
1310 1616 1341 1644 et
1375 1611 1572 1657 Procopium
1610 1612 1692 1646 filios
1734 1625 1812 1647 suos
1857 1614 2014 1659 quasdam

161 1672 370 1715 divisionem,
408 1671 663 1717 disposicionem
694 1676 725 1704 et
754 1671 1002 1705 ordinacionem
1034 1671 1163 1714 fecerit,
1202 1672 1399 1717 disposuerit
1429 1676 1459 1705 et
1490 1675 1651 1715 statuerit,
1690 1684 1770 1718 quas
1799 1677 1848 1707 sui
1877 1674 2015 1719 predicti

162 1732 409 1766 marchionatus
437 1731 581 1766 barones
618 1736 650 1765 et
686 1731 814 1765 nobiles
852 1734 919 1765 suis
957 1731 1175 1777 pendentibus
1210 1731 1325 1776 sigillis
1360 1736 1613 1768 attestaverunt.
1651 1733 1812 1779 nobisque
1849 1739 2014 1780 tamquam

161 1795 233 1838 regi
271 1792 409 1826 Boemie
446 1803 509 1825 una
540 1803 612 1825 cnm
651 1793 809 1838 predictis
846 1795 913 1825 suis
952 1791 1023 1825 filiis
1061 1803 1133 1825 cum
1173 1794 1331 1825 instancia
1368 1793 1569 1838 supplicarit,
1609 1799 1769 1838 quatenus
1805 1795 2015 1839 divisionem,

161 1853 409 1887 ordinacionem
441 1857 473 1886 et
501 1852 756 1898 disposicionem
787 1853 974 1886 huiusmodi
1012 1855 1207 1886 anctoritate
1243 1855 1335 1897 regia
1371 1852 1507 1886 Boemie
1544 1854 1743 1899 approbare‚
1781 1855 1947 1889 ratificare
1985 1862 2017 1890 et

161 1913 360 1947 confirmare
398 1916 584 1958 graciosius
621 1913 846 1958 dignaremur.
885 1913 1030 1955 Quarum
1070 1913 1199 1958 quidem
1234 1912 1417 1956 divisionis7
1456 1914 1679 1949 ordinacionis
1717 1919 1746 1948 et
1785 1915 2015 1961 disposicionis

161 1979 256 2008 tenor
284 1977 431 2019 sequitur
461 1977 492 2007 in
521 1973 583 2007 hec
603 1973 724 2008 verba:
758 1974 817 2019 „In
837 1977 970 2008 nomine
991 1973 1112 2006 domini
1133 1984 1240 2006 amen.
1271 1972 1441 2008 Johannes
1462 1974 1513 2008 dei
1534 1978 1648 2019 gracia
1670 1975 1817 2009 marchio
1836 1976 2012 2010 Moravie⁰

161 2034 210 2068 bis
225 2034 345 2068 Datum
366 2034 501 2067 Brunne
530 2033 612 2067 feria
634 2039 748 2079 quarta
769 2037 921 2080 proxima
942 2039 1013 2080 post
1036 2034 1245 2067 dominicam.
1276 2045 1337 2079 qua
1359 2039 1509 2068 cantatur
1529 2034 1644 2068 Judica
1666 2047 1752 2069 anno
1773 2035 2014 2070 MCCCLXXI.

161 2094 245 2140 (vid.
275 2093 367 2128 Band
398 2094 453 2137 X„
483 2105 514 2140 p.
550 2094 631 2128 137.
663 2106 694 2128 n.
730 2094 831 2140 118).
864 2116 913 2118 —
941 2094 1010 2128 Nos
1045 2097 1154 2138 igitur.
1194 2097 1246 2139 qui
1276 2099 1394 2128 statum
1432 2095 1640 2140 tranquillum
1670 2101 1702 2129 et
1731 2097 1838 2130 felicia
1874 2098 2014 2131 comoda

160 2155 383 2201 predictorum
421 2157 523 2188 nostri
558 2154 680 2188 frat-ris.
728 2154 866 2188 filiorum
904 2160 934 2188 et
974 2154 1132 2188 heredum
1175 2165 1309 2187 suorum
1353 2158 1534 2190 caritativis
1578 2155 1751 2190 desideriis
1793 2161 1825 2190 et
1867 2157 2014 2190 fraterno

161 2226 294 2260 semper
323 2225 437 2248 amore
466 2218 709 2260 prosequimur,
749 2215 857 2249 audito
894 2218 984 2261 prius
1014 2219 1044 2248 et
1083 2214 1230 2260 plenarie
1260 2218 1405 2259 cognito,
1445 2216 1530 2260 quod
1563 2216 1634 2249 talis
1664 2217 1798 2260 divisio,
1837 2217 2013 2262 disposicio

162 2280 193 2309 et
221 2275 392 2309 ordinacio
421 2275 461 2309 de
490 2278 635 2309 unanimi
665 2280 695 2309 et
725 2279 891 2309 communi
921 2286 1084 2309 consensu
1115 2279 1147 2307 et
1176 2274 1344 2308 voluntate
1373 2276 1596 2321 predictorum
1626 2276 1755 2320 ιΙοόοοί,
1793 2276 1954 2311 Johannis
1983 2282 2015 2311 et

162 2335 313 2381 Procopii
341 2338 403 2369 rite
431 2338 668 2381 processerint,
707 2336 746 2369 ad
776 2339 908 2369 votivas
946 2338 1091 2381 ipsorum
1130 2346 1266 2380 precum
1305 2338 1483 2369 instancias
1519 2336 1728 2375 divisionem,
1765 2337 2014 2371 ordinacionem

161 2401 193 2429 et
221 2395 476 2440 disposicionem
505 2395 652 2442 prefatas
683 2408 744 2429 una
779 2407 852 2429 cum
891 2399 1108 2429 attestacione
1146 2395 1306 2429 baronum
1341 2401 1371 2429 et
1409 2396 1564 2430 nobilium
1603 2397 1848 2431 marchionatus
1877 2398 2015 2443 predicti

162 2459 191 2489 in
231 2455 382 2488 omnibns
419 2459 486 2489 snis
524 2456 706 2490 tenoribus.
754 2459 945 2498 sentenciis,
993 2459 1121 2501 punctis
1158 2460 1188 2488 et
1225 2456 1391 2492 clausulis„
1438 2461 1534 2501 prout
1573 2457 1613 2490 de
1649 2457 1753 2490 verbo
1797 2457 1836 2491 ad
1875 2457 2014 2491 verbum

161 2520 402 2562 expressantur
421 2519 585 2562 superius,
615 2520 724 2550 animo
755 2516 936 2550 deliberato
966 2527 1030 2549 non
1061 2527 1120 2560 per
1149 2526 1299 2549 errorem
1329 2520 1383 2549 aut
1412 2517 1598 2562 improvide
1627 2517 1685 2550 sed
1715 2529 1796 2551 sano
1826 2523 1858 2552 et
1887 2523 2014 2552 maturo

160 2579 358 2622 principum.
387 2575 548 2609 baronum
570 2581 601 2609 et
623 2588 798 2622 procerum
820 2581 1008 2610 nostrorum
1032 2575 1173 2609 fidelium
1194 2575 1376 2609 accedente
1397 2576 1535 2610 consilio
1557 2576 1769 2621 ratificamus,
1794 2578 2015 2624 approbamus

161 2641 191 2670 et
221 2638 385 2682 presentis
414 2639 525 2682 scripti
555 2640 739 2682 patrocinio
762 2637 801 2670 de
823 2641 912 2670 certa
934 2641 1045 2670 nostra
1067 2638 1211 2669 sciencia
1232 2640 1263 2668 et
1284 2638 1376 2680 regia
1397 2639 1592 2670 auctoritate
1612 2636 1749 2671 Boemie
1770 2638 2014 2672 confirmamus.

162 2696 375 2731 Preseneinm
413 2695 473 2729 sub
512 2699 605 2741 regie
644 2698 824 2741 majestatis
863 2701 975 2730 nostre
1013 2696 1120 2740 sigillo
1160 2698 1347 2729 testimonio
1384 2696 1577 2730 litterarum.
1627 2697 1745 2731 Datum
1779 2697 1887 2742 Frage
1930 2710 2015 2732 anno

1830 2766 1863 2790 70
