2336 3074
1286 237 1358 271 ‘204

389 339 534 373 scabinis
563 343 706 374 civitatis
736 347 849 374 nosti-v
878 341 1101 387 Znoymcnsis
1131 342 1292 387 predicte.
1315 345 1367 387 qni
1398 353 1483 376 nune
1513 346 1586 376 sunt
1618 342 1671 376 vel
1701 353 1761 388 pro
1783 347 1933 389 tempore
1964 342 2096 381 suerintq
2119 342 2256 377 liriniter

390 406 420 434 vi
460 401 619 436 districtc.
659 407 820 447 ‹piatenns
853 430 858 435 .
889 430 895 435 .
936 401 1089 436 abbatem
1129 407 1158 435 ct
1191 430 1229 436 ..
1269 408 1471 437 conventum
1509 403 1657 449 prefatos
1695 415 1825 438 necnon
1864 407 2101 438 monasterium
2139 414 2255 438 eorum

391 465 421 495 in
452 465 689 508 propiimcione
720 464 880 508 predicta.
911 474 974 507 quc
1004 468 1165 509 perpetuo
1196 463 1303 496 licebit
1335 464 1475 501 eisdem,
1506 464 1592 498 nulla
1623 467 1759 498 racione
1790 464 1968 510 impediant
1988 469 2043 498 aut
2063 469 2258 511 presumant

392 523 553 568 impedire
583 524 744 568 aliquibus
775 535 890 556 corum
922 522 1107 558 conatibus.
1137 535 1277 569 quorum
1309 529 1462 570 pretextu
1501 524 1659 558 indultum
1689 528 1854 571 presentis
1884 530 1998 559 nostre
2027 528 2257 560 concessionis

392 587 503 628 posset
534 583 778 628 ‹pioinoilolilwt
811 584 940 617 xiolari.
973 584 1170 618 Adicientcs
1199 585 1445 623 nichilominus,
1467 585 1553 631 quod
1584 586 1704 619 nnllam
1735 589 1864 632 penitus
1887 585 2121 620 inliibieionem
2144 586 2257 620 facore

392 643 533 677 debcant
564 656 624 678 uec
655 644 783 690 public«-
814 656 874 677 nce
904 645 1046 687 occulto,
1078 648 1199 678 virtute
1238 649 1331 679 cuius
1361 649 1521 680 concives
1550 645 1605 692 ff]
1635 658 1673 680 ac
1703 646 1942 681 inhabitatores
1972 649 2115 682 civitatis
2144 651 2258 681 nostre

392 705 541 751 predicte
571 705 816 750 quoinoilolilwt
848 704 1101 739 retraherentur
1130 718 1146 739 a
1183 718 1243 740 sno
1272 707 1452 740 voluntatis
1482 706 1587 740 libero
1616 706 1765 750 arbitrio,
1795 707 1881 753 quod
1919 710 2008 741 circa
2047 710 2257 753 potacionem

392 768 459 798 vini
490 769 694 811 propinantis
725 769 753 799 in
784 765 914 811 prefato
953 769 1156 800 monasterio
1192 772 1399 801 versaretur.
1457 766 1672 801 l'resencium
1711 767 1770 802 sub
1809 779 1958 814 appenso
1997 772 2113 802 nostro
2148 768 2257 813 sigillo

391 829 580 859 testimonio
611 826 791 859 literarum.
824 826 941 860 Datum
973 826 1107 860 Brunne
1137 838 1223 861 anno
1253 828 1376 861 donnini
1407 828 1582 862 millesimo
1612 831 1849 862 trecentesimo
1878 831 2109 873 octuagesimo
2137 832 2257 875 primo,

391 886 529 920 sabbato
560 889 714 932 proximo
744 891 815 932 post
847 887 932 920 diem
963 891 1067 921 saneti
1098 887 1184 921 l’ctri
1215 888 1254 921 ad
1286 888 1430 922 vincula.

704 966 777 999 ιλιι(
799 966 848 991 ιιι-ι·
872 966 1013 991 l'lieatur:
1039 967 1082 992 Ad
1109 967 1272 992 mandatum
1298 968 1402 993 domini
1420 988 1426 995 .
1442 989 1448 995 .
1479 967 1652 993 marchionis
1676 967 1813 993 Nieolaus
1837 968 2080 1002 protlionotarius.
2108 983 2143 988 -—
2181 968 2258 1002 Orig-

806 1019 886 1051 l‘erg.
912 1018 938 1045 li.
965 1019 1022 1051 sig.
1049 1019 1084 1044 im
1111 1019 1199 1044 iniilir.
1226 1019 1481 1054 Laudcsarcliive.)

1273 1173 1382 1211 2:3¹.

418 1275 541 1309 liores.
576 1276 715 1320 (lsfiz-ial
742 1276 801 1309 des
831 1275 965 1319 Prayer
994 1276 1255 1322 Erzbe'sclzofes.
1285 1277 1372 1311 lasst
1400 1279 1477 1312 eine
1509 1277 1671 1312 Urlsumle
1700 1279 1760 1312 des
1791 1278 2017 1323 Lee'tonzgssler
2046 1277 2230 1323 Bischofes

581 1337 669 1377 I’e!r‚
699 1337 789 1370 ddlo.
821 1336 880 1370 23.
911 1337 996 1370 Jeme?
1025 1337 1136 1379 1371,
1166 1340 1426 1373 traussumiren.
1486 1339 1544 1372 Dc.
1576 1339 1668 1382 Praq
1698 1339 1756 1373 20.
1789 1338 1927 1383 Septbr.
1962 1338 2071 1372 1381.

546 1412 590 1466 Ιιι
620 1435 753 1466 nominc
783 1433 905 1466 domini
935 1444 1044 1467 amen.
1076 1433 1145 1467 Nos
1166 1433 1292 1468 Borsso
1313 1433 1570 1469 archidiaconus
1592 1434 1823 1478 Becliineiisis,
1847 1437 1939 1469 curie
1959 1435 2257 1481 archiepiscopalis

392 1493 570 1536 l'ragensis
613 1498 642 1526 et
687 1493 870 1539 apostolice
915 1493 1004 1528 sedis
1040 1495 1141 1539 legati
1180 1494 1342 1538 officialis,
1380 1498 1529 1541 presenti
1568 1500 1792 1541 transsumpto
1829 1495 1961 1542 publico
2000 1495 2259 1530 notumsacimus

391 1557 569 1588 uniwrsis.
600 1553 686 1599 quod
716 1557 913 1589 constitutus
943 1556 1166 1601 personaliter
1195 1558 1225 1589 in
1251 1555 1376 1600 judicio
1407 1556 1570 1590 discretus
1600 1559 1653 1590 vir
1672 1556 1796 1600 Drzco,
1817 1560 2016 1602 procurator
2036 1561 2067 1590 et
2088 1567 2258 1602 procura-

391 1617 475 1647 torio
505 1617 638 1648 nomine
669 1614 871 1649 venerabilis
900 1618 964 1649 viri
994 1616 1116 1650 domini
1138 1616 1273 1650 lIenriei
1293 1619 1453 1662 prepositi
1480 1619 1673 1651 monasterii
1694 1620 1724 1651 in
1746 1617 1996 1661 Lanezcoroua,
2018 1620 2256 1651 canonicorum

390 1675 593 1712 regularium
624 1676 749 1709 ordinis
779 1678 883 1709 saneti
913 1675 1106 1721 Augustini,
1136 1676 1423 1711 Lutlioniuslensis
1453 1677 1609 1721 diocesis„
1640 1680 1859 1724 presentavit,
1882 1677 2031 1712 exhibuit
2060 1683 2092 1712 et
2112 1678 2258 1712 ostendit

389 1735 519 1781 publice
548 1747 660 1769 eoram
692 1735 786 1769 nobis
816 1736 977 1781 quasdam
1006 1737 1119 1771 literas
1158 1738 1352 1771 donacionis
1382 1742 1413 1771 et
1443 1741 1627 1784 empcionis
1657 1739 1838 1773 reverendi
1867 1741 1899 1772 in
1929 1738 2062 1772 Christo
2092 1741 2196 1784 patris
2227 1742 2260 1772 ct

388 1796 511 1829 domini
541 1796 663 1829 domini
692 1796 779 1830 Petri
818 1797 869 1831 dei
908 1802 940 1831 et
977 1798 1162 1844 apostolice
1199 1799 1288 1833 sedis
1322 1801 1436 1843 gracia
1476 1802 1624 1845 episcopi
1661 1799 1946 1833 Luthomuslensis
1983 1801 2015 1832 in
2050 1809 2257 1845 pergameno

387 1859 544 1902 scriptas.
574 1868 639 1890 nou
670 1856 819 1901 abrasase
850 1869 916 1891 non
946 1859 1161 1902 cancellatas,
1183 1870 1248 1892 non
1278 1861 1430 1903 vicinias,
1451 1871 1517 1893 non
1547 1859 1686 1893 abolitas
1716 1871 1779 1893 nec
1807 1862 1838 1893 in
1860 1859 1967 1905 aliqua
1996 1864 2090 1905 parte
2111 1861 2256 1905 ipsarum

386 1922 574 1963 suspectas,
605 1917 662 1951 sed
693 1921 781 1951 omni
811 1929 950 1964 prorsus
980 1922 1067 1953 vicio
1098 1924 1129 1953 et
1158 1923 1349 1966 suspicione
1379 1925 1546 1965 carentes,
1576 1920 1704 1955 duobus
1734 1920 1850 1965 sigillis
1871 1931 1936 1954 uno
1956 1920 2114 1954 videlicet
2133 1930 2257 1965 magno

389 1977 536 2022 oblongo
566 1978 606 2011 de
635 1990 713 2012 cera
743 1978 845 2012 rubea
876 1979 950 2013 albe
979 1992 1058 2014 cere
1088 1983 1252 2027 impresso
1282 1985 1315 2015 et
1343 1981 1407 2015 alio
1435 1982 1577 2015 rotundo
1607 1981 1648 2015 de
1683 1993 1761 2015 cera
1792 1981 1865 2015 alba
1895 1983 2061 2015 communi
2090 1980 2258 2027 pendente

389 2040 422 2071 in
451 2038 602 2084 pressula
638 2043 846 2084 pergameni.
876 2043 907 2073 in
945 2052 1010 2086 quo
1048 2041 1180 2086 quidem
1219 2045 1325 2087 primo
1364 2042 1473 2087 sigillo
1511 2042 1653 2088 quedam
1688 2053 1813 2088 ymago
1852 2041 2094 2088 pontificalibus
2132 2041 2257 2085 induta,

390 2098 551 2142 instillata,
581 2099 703 2132 sedens
732 2099 792 2133 snb
822 2100 995 2136 cimboriO.
1027 2112 1124 2135 mauu
1155 2105 1287 2135 sinistra
1317 2107 1531 2136 curvaturam
1561 2106 1634 2137 sive
1663 2102 1816 2136 haculum
1845 2102 2047 2148 pastoralem
2077 2106 2195 2136 tenens
2225 2106 2258 2135 et

392 2170 490 2192 manu
521 2159 639 2192 dextra
670 2162 763 2204 quasi
794 2160 832 2193 ad
864 2160 1126 2195 benffllieendum
1157 2162 1285 2196 duobus
1323 2163 1447 2208 digitus
1476 2174 1606 2197 sursum
1638 2167 1751 2197 erecta
1780 2161 1957 2197 videbatur
1986 2167 2017 2195 et
2046 2161 2087 2195 ab
2116 2166 2257 2208 utraque

390 2224 484 2265 parte
513 2220 600 2253 dicte
629 2223 796 2265 ymaginis
818 2221 948 2265 quidam
971 2222 1034 2255 duo
1055 2223 1185 2268 clippeiq
1208 2225 1238 2256 in
1268 2234 1333 2268 quo
1354 2223 1485 2268 quidem
1508 2224 1649 2270 clippeo,
1671 2235 1688 2257 a
1709 2227 1803 2270 parte
1825 2223 1942 2256 dextra
1972 2225 2093 2268 posito,
2114 2222 2256 2268 quedam

391 2291 487 2323 crux,
517 2284 549 2313 et
576 2283 608 2313 in
638 2280 768 2326 clippeo
798 2292 814 2314 a
846 2286 939 2326 parte
968 2285 1100 2316 sinistra
1122 2283 1227 2329 capud
1259 2283 1344 2329 (sie)
1365 2287 1458 2318 asine
1478 2284 1675 2327 videbatur3
1705 2284 1800 2317 litere
1822 2294 1905 2317 vero
1927 2282 2257 2317 circumferenciales

390 2341 540 2374 eiusdem
570 2341 680 2385 ειςιΙΙιΤ
710 2345 743 2374 ut
771 2344 877 2387 prima
908 2341 992 2375 faeie
1022 2343 1227 2389 apparebant
1255 2345 1427 2390 capitalesq
1456 2356 1516 2390 per
1545 2347 1654 2378 omnia
1681 2349 1775 2377 erant
1796 2344 1900 2377 tales:
1930 2342 2048 2377 Petrus
2069 2343 2120 2377 dei
2140 2345 2256 2388 gracia

391 2404 567 2446 episcopus
597 2400 905 2443 Lulliomuslensis3
953 2414 969 2435 a
1001 2407 1096 2441 tergo
1127 2416 1210 2438 vero
1249 2405 1397 2439 eiusdem
1434 2405 1531 2450 sigilli
1569 2404 1734 2450 quoddam
1764 2403 1907 2449 sigillum
1937 2414 2078 2449 parvum
2108 2403 2148 2437 de
2177 2414 2256 2437 cera

391 2460 493 2494 rubea
525 2461 632 2495 eidem
662 2461 736 2495 albe
766 2473 845 2495 ecre
874 2465 1085 2508 impressum.
1117 2468 1148 2498 in
1178 2476 1242 2510 quo
1273 2465 1404 2510 quidem
1435 2465 1544 2510 sigillo
1581 2465 1722 2510 quedam
1762 2467 1835 2499 avis
1873 2467 1905 2498 ιιι
1943 2464 2074 2498 modum
2114 2466 2257 2510 pavonis

392 2520 578 2555 videbatur.
634 2521 717 2555 Item
746 2525 778 2555 in
807 2522 956 2556 seeundo
985 2524 1093 2567 sigillo
1124 2526 1264 2569 quedam
1304 2525 1411 2559 media
1441 2537 1519 2571 pars
1554 2528 1721 2572 ymaginis
1757 2524 1888 2558 beatam
1918 2524 2058 2558 Mariam
2088 2527 2257 2569 virginem

392 2581 572 2618 designans
603 2594 676 2615 eum
706 2594 810 2628 puero
840 2581 920 2616 Jesu
950 2582 1009 2616 sub
1039 2595 1163 2617 corona
1194 2590 1224 2619 et
1256 2588 1287 2619 in
1323 2586 1523 2631 dyademate
1552 2590 1584 2619 et
1612 2585 1652 2619 ab
1683 2589 1824 2630 utraque
1852 2589 1947 2630 parte
1976 2584 2062 2618 dicte
2090 2586 2257 2630 ymaginis

389 2641 563 2687 cymboria
594 2653 724 2675 sursum
755 2647 869 2676 erecta
898 2642 1109 2678 videbantur.
1140 2645 1234 2678 litere
1273 2657 1356 2679 vero
1386 2645 1716 2679 circumferenciales
1755 2645 1903 2679 eiusdem
1940 2644 2051 2689 sigilli,
2080 2648 2115 2677 ut
2150 2646 2257 2690 prima

389 2701 475 2735 facie
504 2702 719 2747 apparebant,
750 2714 810 2748 per
839 2706 949 2737 omnia
979 2708 1071 2737 erant
1103 2705 1204 2738 tales:
1235 2707 1261 2748 ἦ
1290 2706 1325 2740 S.
1356 2706 1489 2752 capituli
1519 2706 1663 2739 ecclesie
1683 2705 1979 2739 Luthomuslensis.
2012 2705 2102 2746 Quas
2123 2704 2256 2750 quidem
