2336 3074
977 220 1045 253 199

81 329 326 371 resignavimus
356 336 393 359 ac
423 325 632 371 presentibus
662 326 851 359 omuiumde
880 328 1090 369 resignamus
1120 336 1179 370 per
1208 324 1326 357 dictam
1355 325 1519 358 dominam
1552 352 1557 357 .
1582 352 1587 357 .
1611 323 1809 356 abbatissam
1840 327 1937 367 atque

82 391 283 420 conventum
315 389 505 420 monasterii
536 389 687 432 pretacti.
720 386 868 419 babeuda
901 386 1041 419 tenenda
1081 385 1266 418 utit'ruenda
1297 390 1325 418 et
1364 390 1528 430 tamquam
1560 395 1629 417 rem
1667 386 1833 429 propriam
1862 384 1937 426 jure

82 447 283 480 hereditario
322 450 490 492 perpetuis
529 446 733 492 temporibus
763 446 961 491 possidenda
1000 446 1138 491 pacitiee
1167 450 1197 478 et
1228 448 1349 490 quiete.
1382 445 1421 478 Et
1459 446 1574 479 eadem
1614 444 1697 478 bona
1738 455 1796 477 seu
1826 443 1936 476 villam

81 518 154 540 cum
184 510 251 541 suis
280 509 506 553 pertinenciis.
538 511 571 540 ut
599 509 807 552 premittitun
837 517 896 540 nos
926 505 1100 539 Budislaus
1130 510 1162 539 et
1191 505 1390 551 Stephanus.
1420 506 1616 539 venditores
1645 504 1783 550 predicti
1813 508 1842 536 et
1874 514 1938 547 ego

80 567 288 601 Theodricus
309 568 348 601 de
370 566 592 612 Schenquicz„
614 578 728 600 eorum
751 566 929 600 fideiussor
950 567 988 600 ad
1010 566 1194 611 subscripta
1225 570 1255 599 et
1285 569 1522 611 premissorum
1546 566 1711 610 legitimus
1739 565 1940 609 disbrigator

80 631 299 673 promittimus
321 627 406 661 bona
436 632 547 661 nostra
572 627 634 661 tide
663 631 734 661 sine
756 631 843 661 omui
874 628 959 661 malo
989 628 1077 664 (1010,
1099 638 1196 660 manu
1226 630 1401 660 coniuncta
1423 627 1609 663 insoliduim
1642 626 1778 672 prefatis
1808 626 1939 659 domine

113 716 119 721 .
149 688 315 722 abbatisse
336 693 365 722 et
396 691 575 722 conventui
596 689 773 733 supradicti
806 692 995 723 monasterii
1026 691 1057 721 in
1078 690 1230 733 proximo
1252 687 1412 720 baronum
1434 687 1620 720 Bruunensi
1652 687 1792 720 concilio
1824 686 1940 719 tabulis

80 753 170 781 terre
198 748 351 782 Moravie
381 751 554 794 imponere
583 760 641 782 seu
673 749 856 783 inscribere
877 754 910 782 et
938 760 954 782 a
985 747 1129 793 qualibet
1149 749 1360 792 impeticione
1390 747 1570 780 secundum
1588 749 1643 791 jus
1675 747 1821 792 predicte
1852 751 1940 779 terre

80 808 245 852 Moravie,
275 812 411 854 quocies
441 820 582 843 necesse
603 809 713 846 fuerit„
743 808 882 843 fideliter
903 809 1100 853 disbrigare.
1133 807 1226 849 Quod
1258 810 1283 840 si
1311 806 1439 852 prefata
1469 807 1554 840 bona
1586 810 1665 852 ipsis
1686 818 1750 840 non
1772 806 1939 840 intabula—

79 871 228 903 verimus
257 869 311 902 vel
333 869 520 913 disbrigare
540 880 605 902 non
627 880 813 914 possemus.
835 873 911 902 tunc
940 871 1046 902 statim
1068 868 1152 902 iufra
1177 868 1427 913 (platuordeeim
1450 868 1521 901 dies
1550 871 1722 913 proximos
1752 867 1940 900 immediate

81 939 116 962 se
137 934 327 974 sequentes,
349 933 557 975 septuaginta
583 932 725 975 quinque
748 941 877 963 marcas
898 940 1093 973 grossorum
1117 929 1340 975 predictorum
1362 931 1553 973 pagamenti
1576 931 1737 961 moi-arici
1761 930 1941 973 prenotatis

80 989 212 1023 domine
235 1018 270 1024 ..
301 990 467 1024 abbatisse
497 995 525 1024 et
568 993 746 1024 conventui
776 992 951 1036 prescripti
990 992 1181 1023 monasterii
1222 992 1398 1023 restituere
1436 988 1622 1022 tenebimur
1654 993 1686 1021 et
1722 991 1940 1033 promittinms

81 1051 225 1085 indilate.
283 1050 318 1084 Si
356 1056 465 1084 autem
496 1051 629 1085 easdem
668 1053 876 1096 septuaginta
915 1053 1058 1095 quinque
1094 1060 1224 1083 marcas
1261 1060 1456 1093 grossorum
1487 1054 1517 1081 et
1549 1052 1675 1082 numeri
1716 1049 1939 1094 predictorum

80 1111 164 1145 infra
195 1111 300 1146 dictos
330 1111 578 1156 quatuordeeim
610 1111 680 1144 dies
710 1122 773 1145 non
803 1113 1057 1145 restituerimus.
1088 1115 1163 1143 tune.
1186 1121 1262 1144 mox
1293 1121 1376 1144 unus
1407 1122 1448 1143 ex
1478 1109 1574 1143 nobis
1605 1109 1707 1142 tribus
1735 1111 1939 1154 prescriptis.

84 1175 137 1217 qui
167 1183 226 1217 pro
256 1177 350 1217 parte
380 1172 539 1206 dictarum
570 1172 702 1205 domine
725 1199 731 1205 .
755 1171 948 1205 ,abbatisse
979 1176 1011 1205 et
1031 1175 1217 1205 conventus
1247 1171 1322 1204 dicti
1353 1173 1544 1204 monasterii
1567 1173 1709 1203 monitus
1730 1169 1838 1203 fuerit.
1870 1172 1940 1202 sine

81 1235 260 1266 occasione
289 1244 348 1266 seu
387 1235 504 1277 quavis
533 1232 696 1266 dilacione
735 1243 834 1265 unmn
864 1231 1038 1265 honestum
1078 1231 1230 1264 clientem
1262 1242 1334 1264 eum
1375 1241 1440 1264 uno
1470 1230 1592 1263 famulo
1630 1234 1659 1263 et
1691 1229 1818 1263 duobus
1848 1232 1941 1273 equis

81 1291 248 1326 Brunnam
279 1293 446 1326 destinare
476 1292 640 1327 tenebitur
660 1293 698 1326 ad
729 1292 942 1338 prestandum
964 1292 1095 1326 solitum
1125 1295 1154 1324 et
1177 1295 1371 1324 consuetum
1402 1290 1589 1334 obstagium
1622 1293 1651 1322 iu
1683 1289 1780 1323 domo
1811 1289 1940 1322 bonesti

82 1353 231 1399 hospitis,
267 1352 320 1387 uhi
350 1364 409 1399 per
438 1353 541 1387 dictas
579 1353 745 1387 dominam
785 1352 984 1386 abbatissam
1024 1356 1054 1385 et
1085 1356 1285 1385 conventum
1325 1351 1514 1397 deputatum
1545 1350 1655 1392 fuerit.
1685 1350 1758 1383 loco
1788 1353 1847 1383 sui.
1904 1349 1940 1382 In

81 1424 145 1458 quo
174 1416 199 1447 si
230 1424 356 1447 moram
378 1417 517 1447 traxerit
539 1413 664 1447 duabus
685 1416 848 1447 continuis
877 1415 1068 1458 septimanis
1090 1417 1119 1445 et
1150 1412 1278 1458 prefata
1299 1414 1438 1457 pecunia
1469 1411 1612 1445 nondum
1636 1411 1733 1444 suerit
1760 1411 1939 1456 persoluta.

81 1479 168 1511 tunc.
207 1477 344 1520 prestito
382 1474 535 1519 obstagio
573 1474 627 1507 vel
656 1485 721 1507 non
751 1477 900 1519 prestito.
939 1473 1117 1519 pret'ate*)
1147 1475 1297 1517 virgines
1327 1472 1458 1505 domina
1491 1471 1656 1505 abbatissa
1687 1476 1715 1504 et
1753 1475 1940 1504 conventus

81 1535 219 1580 predicti
250 1538 441 1568 monasterii
471 1535 678 1580 supradictas
708 1538 916 1580 septuaginta
947 1537 1090 1579 quinque
1120 1544 1250 1567 marcas
1279 1543 1474 1577 grossorum
1505 1537 1537 1565 et
1557 1534 1684 1565 numeri
1714 1532 1939 1576 predictorum

81 1598 166 1628 inter
195 1595 393 1629 christianos
422 1596 476 1629 vel
501 1595 622 1639 judeos
653 1599 852 1640 conquirere
881 1606 940 1629 seu
969 1597 1121 1640 recipere
1151 1596 1271 1639 poterit
1299 1597 1447 1627 nostrum
1477 1595 1621 1626 omnium
1651 1603 1751 1637 super
1787 1592 1938 1637 dampna.

82 1655 234 1700 obstagio
272 1667 405 1701 semper
443 1656 581 1689 durante
619 1656 753 1691 tamdiu.
798 1666 969 1700 quousque
1004 1654 1133 1700 prefate
1171 1656 1380 1699 septuaginta
1416 1656 1559 1698 quinque
1595 1664 1707 1686 marce
1743 1663 1939 1697 grossorum

81 1715 305 1761 predictorum
336 1727 409 1749 cum
440 1715 592 1750 omnibus
630 1716 780 1761 dampnis
818 1715 962 1761 desuper
999 1713 1237 1749 crescentibus.
1276 1713 1524 1747 racionabiliter
1553 1718 1660 1746 tamen
1692 1715 1845 1746 ostensis.
1882 1723 1942 1758 per

83 1787 144 1810 nos
173 1776 310 1821 prefatis
331 1776 518 1821 virginibus
539 1776 671 1810 domine
695 1804 699 1809 .
724 1803 730 1809 .
753 1775 919 1809 abbatisse
940 1780 970 1809 et
992 1777 1171 1809 conventui
1195 1777 1360 1820 prenotati
1381 1777 1573 1807 monasterii
1595 1773 1713 1807 fuerint
1736 1773 1943 1816 integraliter

83 1837 262 1883 persoluto.
320 1836 356 1870 In
385 1848 524 1882 quorum
554 1839 776 1870 testimonium
807 1841 835 1869 et
866 1835 968 1869 robur
997 1835 1103 1879 sigilla
1133 1839 1245 1869 nostra
1276 1834 1485 1880 presentibus
1506 1834 1609 1867 literis
1638 1834 1678 1866 dc
1708 1837 1798 1866 certa
1829 1837 1943 1866 nostra

83 1899 229 1931 sciencia
257 1901 332 1931 sunt
361 1908 519 1943 appensa.
576 1897 695 1930 Datum
725 1899 757 1929 in
788 1898 990 1929 monasterio
1020 1896 1107 1929 Aule
1137 1899 1251 1928 sancte
1286 1893 1392 1928 Marie
1422 1897 1452 1928 in
1493 1893 1638 1938 Antiqua
1668 1892 1814 1927 Brunna.
1847 1898 1941 1926 sexta

85 1957 166 1991 feria
196 1957 281 1991 infra
310 1962 449 1991 octavas
478 1962 702 2003 pentecostes
734 1967 821 1990 anno
852 1956 972 1990 domini
1003 1956 1176 1989 millesimo
1206 1958 1443 1989 trecentesimo
1472 1957 1681 1999 octogesimo
1710 1957 1828 2000 primo.

393 2036 482 2070 (Orig.
507 2037 589 2069 Perg.
614 2036 672 2061 drei
698 2045 733 2060 an
758 2036 838 2067 Perg.
863 2035 983 2060 Sti-eison
1008 2035 1034 2059 11.
1059 2034 1116 2068 sig.
1143 2034 1169 2059 in
1196 2034 1249 2059 den
1276 2034 1369 2059 Akten
1395 2034 1443 2059 des
1468 2033 1719 2067 Kiiniginklostcrs
1747 2033 1782 2057 ini
1815 2033 1941 2058 Laudes-

496 2087 632 2117 archivo.)

962 2180 1072 2215 224.

84 2285 251 2319 Albreclat
278 2296 342 2318 ‘von
373 2284 545 2327 Puckeim,
582 2285 745 2318 Andreas
782 2295 845 2317 'ron
877 2283 1119 2326 Licletenstee'm
1158 2283 1279 2316 Hames
1308 2294 1372 2316 rou
1412 2282 1669 2316 *S'elewarzemm
1712 2280 1940 2325 ·1·ersprec·ken

85 2347 158 2379 dem
185 2345 298 2387 Peter,
332 2344 459 2387 Uim-h„
496 2345 633 2378 Joleame
665 2345 732 2378 und
759 2343 881 2377 Hamas
915 2355 979 2377 von
1010 2343 1213 2388 Rosenbeiy
1252 2344 1319 2377 und
1347 2343 1513 2376 Heinrich
1542 2354 1606 2375 *vola
1637 2342 1810 2382 Neahaus,
1839 2341 1942 2384 Jedes

159 2417 267 2450 qeyen
296 2405 466 2439 die-selben
495 2405 683 2449 yeriektete
716 2404 963 2438 Unici-uelamen
995 2403 1040 2437 14
1074 2404 1166 2448 Taye
1194 2414 1323 2437 coraus
1352 2403 1451 2437 ilmen
1482 2403 1631 2437 belmunt
1669 2414 1709 2435 :m
1737 2401 1856 2445 qebele.

771 2465 826 2498 Dt.
858 2464 892 2498 9.
923 2465 1007 2498 dnm?
1036 2464 1144 2499 1381.
1176 2478 1201 2498 s.
1234 2464 1253 2498 l.

240 2524 307 2577 1011
338 2544 499 2578 Albrecht
530 2556 595 2579 von
626 2544 795 2579 Puchaim.
825 2542 968 2577 obrister
1005 2544 1170 2588 drugsecz
1208 2545 1239 2576 in
1271 2536 1424 2576 Ostreicb
1461 2542 1523 2575 und
1554 2541 1617 2574 alte
1655 2543 1743 2573 mein
1772 2551 1844 2581 suin
1875 2539 1938 2572 und

84 2604 135 2638 1011
166 2604 282 2638 Andre
310 2616 377 2638 von
417 2604 651 2644 Lichtenstain.v
690 2604 753 2637 und
783 2603 836 2636 1011
873 2603 963 2636 Hans
992 2603 1052 2637 der
1080 2602 1217 2636 Strewn
1252 2614 1318 2636 von
1358 2601 1624 2635 Swarczennaw
1653 2600 1850 2634 bechennen
1887 2602 1943 2632 mit

242 2691 271 2725 ίι)
297 2692 337 2716 1111
364 2691 440 2725 Orig.
466 2691 541 2716 steht
566 2691 747 2725 prefates⁴
