2336 3074
1022 226 1093 259 563

130 329 318 362 defensare.
350 328 423 362 Non
453 331 682 374 permittemus
703 331 808 361 eciam
839 340 973 362 censum
996 330 1194 363 antedictum
1226 340 1284 374 per
1313 333 1500 375 quempiam
1529 334 1686 364 arrestari
1711 333 1788 375 jure
1818 331 1870 364 vel
1900 330 1986 364 facto

129 389 287 435 spirituali
316 400 374 423 seu
405 389 588 435 temporali.
621 392 769 422 terrestri
788 393 843 422 aut
870 389 1001 425 feodali.
1031 390 1088 423 sed
1110 389 1182 423 sibi.
1213 395 1265 423 aut
1296 393 1347 423 cui
1378 391 1506 424 duxerit
1537 391 1820 434 committemlum.
1850 391 1988 435 singulis

130 453 223 484 annis
267 453 333 483 vite
377 461 436 483 sue
479 449 682 495 temporibus
725 449 850 494 absque
893 450 1127 495 impedimento
1170 451 1239 483 dari
1283 455 1312 483 et
1358 451 1563 494 integraliter
1606 454 1768 491 assignari
1817 452 1986 485 faciemus.

131 510 350 544 Pi-mnittimus
380 514 485 544 eciam
515 510 600 543 dicto
630 509 824 551 wilhelmo,
854 510 939 554 quod
970 513 999 543 in
1030 522 1119 547 casu.
1151 511 1237 555 quod
1267 510 1362 548 absit.
1398 512 1483 556 quod
1514 512 1598 544 dicta
1628 512 1704 545 villa
1734 515 1764 545 in
1801 511 1988 545 hominibus

129 570 279 604 domibus
301 575 330 603 et
361 573 573 616 pertinenciis
602 573 669 603 suis
689 570 827 615 prefatis
857 573 991 603 racione
1011 582 1203 614 gwerarum
1233 583 1291 604 sen
1313 572 1592 617 disceptacionum
1623 583 1682 617 per
1703 584 1763 605 nos
1784 577 1837 606 aut
1857 577 1988 606 nostros

130 635 315 676 cuicunque
353 642 411 665 seu
447 631 697 676 quibuscunque
735 635 898 664 motarum
937 642 995 664 seu
1033 632 1271 664 movendarum
1312 632 1365 665 vel
1403 632 1554 666 fortassis
1584 632 1678 666 nobis
1707 637 1759 666 aut
1790 636 1910 666 nostris
1949 632 1988 666 ab

130 692 200 725 aliis
239 696 401 725 motarum
440 702 498 725 seu
534 691 787 727 movendarum.
825 702 886 736 per
922 691 1191 724 devastacionem
1232 695 1452 735 exercituum,
1490 695 1575 737 ignis
1614 694 1800 726 incendium
1830 705 1887 726 seu
1926 694 1988 727 alio

130 755 248 797 quovis
270 752 366 785 modo
388 752 511 785 destrui
533 756 585 784 aut
607 750 834 797 dampnificari
854 755 1075 796 contingeret.
1097 755 1138 784 ita
1161 753 1245 796 quod
1267 753 1372 785 dietus
1389 753 1589 786 Withetmus
1610 765 1745 787 censum
1766 755 1987 799 supradictum

130 815 279 857 nequiret
302 812 439 847 habere.
470 816 592 845 extunc
621 814 841 857 promittimus
862 812 968 845 eidem
1000 816 1123 845 tantum
1154 814 1184 845 in
1214 813 1284 845 aliis
1314 816 1434 847 nostris
1465 813 1559 847 bonis
1580 814 1810 848 demonstrare
1836 819 1988 859 quantuni

131 872 173 906 ibi
203 874 399 918 deperisset.
430 876 476 905 sic
506 872 592 917 quod
622 883 749 906 annuus
779 883 899 906 census
920 872 1137 917 quadraginta
1171 884 1368 908 marcarum.
1399 878 1432 907 ut
1460 874 1636 919 prefertur.
1667 874 1706 907 ad
1736 874 1866 920 plenum
1896 875 1989 907 cedat

131 937 171 967 ei.
203 933 238 967 Si
259 945 341 967 vero
363 945 422 979 per
452 932 638 966 incendium
658 936 827 978 proprium
850 933 988 966 eandem
1011 933 1178 967 devastari
1200 938 1251 965 aut
1274 934 1469 967 deteriorari
1491 937 1712 978 contingeret.
1743 936 1781 968 ad
1806 935 1989 969 huiusmodi

130 1005 384 1039 recompensam
415 994 566 1026 nolumus
595 992 747 1037 obligari.
803 993 878 1026 Non
907 993 1017 1026 licebit
1046 996 1149 1026 eciam
1182 993 1286 1027 nobis.
1318 994 1495 1027 heredibus
1525 999 1556 1027 et
1585 995 1836 1029 successoribus
1872 999 1990 1029 nostris

130 1055 270 1088 dominis
300 1057 331 1087 in
361 1053 486 1099 Tvczin
517 1058 633 1086 contra
663 1053 767 1087 dictos
798 1058 988 1087 contractus
1017 1057 1199 1099 empcionis
1231 1059 1261 1087 ct
1292 1054 1498 1088 vendicionis
1527 1055 1636 1099 aliquo
1666 1055 1779 1088 colore
1809 1056 1863 1089 vel
1892 1068 1989 1089 causa

131 1117 294 1161 pretensis
332 1117 450 1147 venire
479 1125 537 1147 seu
568 1124 626 1147 eos
655 1118 839 1147 retractare
878 1114 1109 1159 quovismodo.
1140 1114 1196 1147 sed
1238 1115 1324 1158 quod
1355 1115 1437 1147 dicta
1468 1115 1545 1149 villa
1575 1126 1648 1148 cum
1679 1115 1829 1149 omnibus
1863 1116 1991 1159 juribus

126 1174 419 1220 jurisdiccionibus
449 1173 603 1207 censibus
624 1179 653 1207 et
684 1177 898 1219 pertinenciis
918 1174 1084 1208 universis
1114 1175 1196 1220 apud
1219 1186 1295 1207 eum
1326 1178 1451 1208 cunctis
1472 1178 1539 1209 vite
1568 1187 1627 1208 sue
1657 1175 1860 1221 temporibus
1890 1176 1992 1210 libere

131 1235 273 1270 debeant
301 1246 510 1281 permanere.
555 1234 600 1267 Ita
631 1239 752 1277 tamen.
782 1235 866 1280 quod
898 1238 969 1280 ipso
998 1234 1038 1267 ab
1069 1235 1130 1267 hac
1160 1238 1225 1267 vita
1257 1236 1438 1268 decedente
1468 1236 1507 1269 ad
1537 1247 1597 1269 nos
1627 1240 1657 1269 et
1688 1236 1830 1269 heredes
1860 1241 1991 1270 nostros

131 1308 204 1331 cum
235 1296 332 1341 pleno
362 1296 506 1329 dominio
532 1295 772 1339 jiirisdiccione
801 1300 833 1329 et
857 1297 946 1339 justa
977 1296 1196 1329 devolucione
1233 1299 1263 1328 in
1294 1300 1360 1329 toto
1391 1301 1588 1329 revertatur.
1647 1296 1786 1341 Insuper
1814 1297 1852 1330 ad
1891 1296 1991 1329 robor

131 1362 162 1390 et
192 1358 353 1400 maj0rem
383 1355 566 1389 efficaciam
603 1359 747 1389 omnium
777 1359 1014 1401 premissorum
1052 1359 1246 1400 rogavimus
1285 1356 1367 1389 infra
1400 1359 1584 1389 nominatos
1614 1356 1740 1389 nobiles
1771 1361 1801 1389 et
1839 1361 1991 1389 strenuos

132 1420 234 1451 viros.
266 1421 299 1449 ut
336 1419 395 1462 ipsi
426 1427 484 1461 pro
521 1416 615 1449 nobis
645 1415 822 1449 heredibus
861 1421 893 1449 et
921 1416 1172 1450 successoribus
1210 1419 1330 1449 nostris
1360 1416 1495 1461 prefatis
1529 1428 1567 1450 ac
1596 1428 1660 1450 una
1691 1416 1859 1450 nobiscum
1899 1417 1992 1450 dictis

133 1478 272 1512 dominis
309 1476 491 1511 &vilhelmo
534 1481 564 1510 et
603 1479 768 1521 magistris
804 1476 944 1510 Nicolao
982 1481 1011 1510 et
1048 1476 1213 1521 Gregorio
1249 1481 1435 1522 promittant
1475 1482 1506 1510 et
1550 1477 1645 1511 fidem
1691 1478 1808 1511 faciant
1848 1480 1990 1511 omnium

131 1540 380 1584 premissorum.
412 1537 482 1571 Nos
512 1540 611 1582 igitur
630 1537 810 1571 Benessius
840 1537 880 1571 de
901 1537 1042 1571 Crawar
1062 1537 1289 1571 Romanorum
1318 1541 1408 1581 regis
1437 1549 1571 1571 camere
1602 1541 1761 1582 magister
1781 1543 1813 1571 et
1842 1538 1991 1571 dominus

133 1602 162 1632 in
193 1597 374 1632 Crumnaw
413 1602 441 1631 et
481 1597 612 1631 Laczko
651 1597 690 1631 de
728 1596 869 1631 Crawar
906 1598 1057 1631 dominus
1095 1601 1124 1631 in
1164 1597 1369 1631 Helfenstein
1409 1598 1528 1631 fratres
1568 1601 1719 1643 germani
1757 1598 1832 1631 dicti
1870 1599 1989 1632 domini

131 1657 320 1692 W'ockonis
341 1663 371 1691 et
392 1669 452 1691 nos
473 1657 609 1691 Pauliko
631 1658 670 1691 de
691 1657 896 1703 Eulenburg.
926 1658 1082 1692 Nicotaus
1104 1659 1143 1692 de
1165 1658 1313 1694 Stolucz.
1335 1659 1505 1692 Johannes
1535 1659 1575 1692 de
1595 1658 1701 1692 Przne
1721 1663 1753 1692 et
1768 1659 1990 1692 wenceslaus

131 1719 172 1753 de
200 1719 376 1764 Doloplass
407 1723 437 1752 et
466 1730 527 1752 nos
551 1719 659 1763 judex
687 1718 814 1752 scabini
838 1720 940 1763 jurati
969 1723 1061 1753 cives
1091 1724 1122 1753 et
1143 1723 1361 1753 communitas
1392 1723 1421 1752 in
1443 1719 1570 1765 Tvczin
1599 1724 1710 1753 notum
1741 1731 1815 1753 esse
1841 1720 1992 1753 volumus

132 1778 341 1826 presentibus
379 1782 557 1813 universis.
615 1778 710 1820 Quod
748 1790 808 1813 nos
846 1791 962 1813 omnes
1000 1784 1031 1813 et
1070 1779 1189 1824 singuli
1230 1780 1268 1813 ad
1305 1785 1457 1824 rogatum
1496 1784 1527 1813 et
1556 1779 1597 1813 ob
1627 1791 1774 1813 amorem
1814 1780 1990 1825 specialem

132 1839 286 1874 antedicti
316 1839 439 1873 domini
468 1838 656 1873 Wockonis
697 1851 761 1873 una
800 1851 873 1873 cum
904 1852 944 1873 eo
974 1845 1004 1874 et
1042 1851 1102 1886 pro
1140 1851 1180 1873 eo
1217 1851 1347 1873 necnon
1378 1839 1555 1874 heredibus
1585 1844 1614 1873 et
1645 1839 1897 1873 successoribus
1926 1843 1992 1873 suis

132 1901 272 1934 dominis
307 1903 339 1933 in
368 1899 496 1945 Tyczin
525 1900 651 1933 dextris
690 1900 772 1935 datis
801 1903 832 1934 in
869 1901 1008 1934 solidum
1047 1905 1079 1934 et
1108 1901 1271 1934 indivisim
1302 1903 1512 1945 promisimus
1549 1905 1580 1933 et
1616 1903 1837 1945 promittimus
1876 1903 1992 1945 vigore

131 1963 343 2007 presencium
373 1959 458 1993 bona
490 1960 552 1993 tide
573 1960 697 2006 absque
728 1960 843 1995 fraude
872 1966 904 1994 et
933 1961 1007 1994 dolo
1028 1961 1126 1999 malo.
1157 1960 1291 1994 domino
1321 1960 1502 1993 W'ilhelmo
1531 1961 1720 2006 supradicto
1753 1965 1785 1994 et
1813 1961 1852 1994 ad
1879 1971 1993 1993 manus

132 2024 203 2055 eius
246 2020 340 2054 dictis
379 2021 520 2053 dominis
560 2023 727 2065 magistris
764 2020 904 2055 Nicolao
941 2026 971 2054 et
1012 2021 1178 2065 Gregorio
1216 2031 1276 2065 pro
1311 2020 1462 2054 omnibus
1500 2025 1531 2053 et
1569 2021 1707 2065 singulis
1749 2023 1920 2066 premissis
1962 2025 1992 2053 et

132 2084 338 2127 expressatis
367 2083 519 2126 superius
548 2083 579 2114 in
609 2086 781 2115 contractu
811 2085 993 2128 empcionis
1023 2086 1055 2115 et
1085 2081 1291 2114 vendicionis
1322 2081 1398 2113 ville
1427 2080 1581 2114 Jessenik
1612 2092 1749 2114 censum
1780 2085 1810 2114 et
1850 2083 1992 2114 omnium

133 2144 411 2187 pertinenciarum
454 2152 587 2174 suarum
631 2146 663 2174 et
705 2144 897 2175 nominatim
939 2153 998 2188 pro
1042 2141 1260 2186 quadraginta
1303 2144 1423 2174 marcis
1465 2144 1562 2174 annui
1607 2152 1727 2174 census
1770 2152 1829 2186 per
1872 2141 1991 2174 dictum

132 2201 348 2235 XVilhelinum
378 2204 472 2235 annis
501 2201 638 2246 singulis
667 2202 889 2247 percipiendis
918 2206 950 2235 et
979 2202 1139 2235 levandis.
1176 2202 1211 2234 Si
1242 2206 1362 2234 antem.
1393 2201 1478 2246 quod
1509 2201 1604 2236 absit.
1634 2201 1721 2235 dicto
1751 2201 1931 2234 wilhelmo
1962 2204 1990 2234 in

133 2262 217 2295 dicta
247 2261 323 2295 villa
344 2261 514 2307 Jessenyk
534 2261 721 2295 hominibus
745 2262 876 2306 juribus
897 2261 1188 2296 consuetudinibus
1219 2266 1248 2294 et
1270 2264 1482 2306 pertinenciis
1503 2265 1570 2295 suis
1600 2264 1765 2307 impeticio
1786 2263 1992 2305 aggravacio

134 2323 251 2365 injuria
284 2321 449 2355 violencia
488 2333 547 2355 seu
586 2322 760 2367 dampnum
795 2334 856 2368 per
891 2333 1121 2368 quemcunque
1159 2321 1310 2354 fortassis
1347 2321 1460 2354 inferri
1491 2325 1711 2366 contingeret,
1748 2321 1823 2354 illud
1853 2332 1911 2354 seu
1940 2321 1991 2354 illa

134 2382 286 2415 volumus
315 2386 346 2415 et
374 2385 594 2427 promittimus
624 2382 685 2416 sibi
715 2382 901 2428 disbrigare
931 2394 969 2416 ac
999 2394 1071 2416 eum
1102 2383 1141 2415 de
1164 2381 1315 2414 omnibus
1345 2386 1374 2414 et
1405 2381 1543 2426 singulis
1573 2381 1624 2414 hic
1654 2386 1685 2414 et
1714 2384 1819 2414 eciam
1841 2383 1992 2426 superius

134 2454 193 2488 per
214 2441 413 2475 antedictum
435 2442 599 2476 dominum
617 2442 831 2476 Wockonein
853 2446 1060 2489 expressatis
1081 2447 1111 2475 et
1132 2444 1302 2487 premissis
1325 2443 1533 2487 indempnem
1554 2441 1697 2475 reddere
1718 2446 1749 2474 et
1775 2452 1991 2475 conservare.

133 2502 169 2536 In
189 2514 268 2535 casu
289 2513 385 2545 vero,
414 2503 499 2547 quod
522 2503 626 2536 dietus
648 2503 848 2538 Wilhelnius
878 2507 908 2538 in
929 2506 1144 2549 possessione
1165 2502 1251 2535 dicte
1273 2502 1348 2535 ville
1370 2513 1470 2535 censu
1492 2506 1523 2534 et
1543 2504 1687 2535 omnium
1714 2504 1991 2547 pertinenciarum

133 2572 266 2596 suarum
288 2561 439 2596 omnibus
468 2565 536 2596 vite
556 2575 616 2597 sue
645 2563 849 2609 temporibus
875 2575 935 2610 per
955 2573 1197 2609 quemcunque
1229 2565 1452 2606 cuiuscunque
1474 2565 1578 2594 eciam
1600 2564 1847 2606 preeminencie
1868 2562 1991 2606 gradus

133 2622 310 2656 nobilitatis
339 2626 442 2656 status
471 2628 525 2656 aut
553 2624 757 2658 condicionis
787 2627 919 2663 existat.
949 2628 980 2656 ut
1011 2623 1188 2668 prefertur.
1219 2622 1433 2667 impediretur
1454 2621 1754 2667 danipnificaretur
1785 2623 1902 2665 injuria
1934 2633 1991 2654 seu

134 2682 297 2716 violencia
327 2687 539 2726 gravaretur.
570 2688 692 2717 extunc
713 2684 866 2718 volumus
887 2689 917 2718 et
947 2683 1105 2717 debemus
1126 2683 1200 2716 dum
1231 2693 1383 2727 pereum
1413 2693 1471 2715 seu
1500 2693 1560 2728 pro
1589 2686 1682 2727 parte
1713 2684 1814 2727 ipsius
1844 2684 1989 2726 requisiti

1786 2749 1835 2773 71*
