2336 3074
978 195 1051 229 :319

966 352 1072 387 345.

83 454 274 499 Marlcqraf
295 454 408 488 Jodoh·
436 454 571 488 tausclel
600 455 654 487 dle
684 454 816 499 Do'rfer
847 454 1076 500 Lanqemlorf
1100 456 1167 489 med
1196 455 1381 489 Pollwwitz-
1411 456 1469 488 mit
1497 455 1569 488 dem
1602 454 1775 487 Olmmzer
1804 452 1950 497 Kape'lel

149 527 258 559 969611
289 516 351 548 den
374 514 575 559 jc'ilerlz'cleen
605 514 688 548 Ze'ns
718 526 781 548 1·οη
811 516 872 548 (Ict-
911 515 1030 559 l'oqlei
1058 517 1124 549 aml
1152 516 1214 549 den
1246 515 1519 549 Flee'seleln'tssnlsen
1550 517 1582 548 1¹11
1616 515 1779 558 Troppan
1809 515 1875 547 ein.

721 575 779 609 Dt.
814 576 946 610 Olmie'tz·
977 577 1008 611 7.
1039 577 1174 610 Jauner
1204 575 1313 609 1385.

241 650 330 705 Nos
349 670 497 705 Jodocus
517 671 570 704 dei
590 674 704 716 gracia
726 671 876 705 marchio
898 676 928 705 et
945 672 1096 705 (lominus
1113 672 1277 706 Moravie.
1299 671 1420 705 Notum
1442 670 1581 704 facimus
1602 675 1719 703 tenore
1738 671 1950 715 presencium

82 735 261 775 universis,
289 732 376 777 quod
405 734 515 765 animo
536 732 731 775 deliberato,
762 732 932 766 voluntate
953 732 1056 766 libera
1086 732 1296 777 fideliumque
1325 736 1515 765 nostrorum
1546 733 1790 763 communicato
1811 729 1950 762 consilio

82 792 168 826 bona
197 797 310 826 nostra
339 792 497 826 videlicet
524 792 733 837 Langudorff
757 793 838 826 alias
867 792 1045 830 Luczkam,
1076 805 1139 838 que
1169 804 1186 826 a
1216 792 1302 826 fideli
1332 796 1446 825 nostro
1476 790 1671 824 Pawlikone
1700 790 1740 823 de
1770 789 1951 823 Sowinecz

81 856 231 899 pecuniis
260 856 382 886 nostris
411 855 555 898 propriis
585 856 867 898 comparavimus.
888 856 919 886 in
949 865 1011 898 qua
1033 854 1109 886 villa
1140 852 1300 887 habemus
1328 854 1445 896 viginti
1474 855 1601 896 septem
1631 850 1747 883 laneos
1776 850 1951 883 censuales

82 925 156 947 cum
186 913 313 947 duabus
334 916 452 957 virgis,
483 918 624 958 quatuor
653 918 756 957 ortos,
777 918 845 947 tres
875 914 1064 956 curticulas,
1095 918 1222 959 pratum
1244 924 1397 959 parvum,
1419 912 1459 945 de
1488 922 1552 956 quo
1573 911 1747 944 solvuntur
1783 912 1950 943 aunuatim

82 979 158 1008 octo
186 977 309 1019 grossi,
349 974 430 1007 duas
460 973 640 1008 thabernas
669 975 857 1017 censuales,
887 974 1054 1009 balneum.
1084 974 1226 1017 fabrum,
1256 973 1481 1007 molendinum
1510 972 1660 1013 inferius,
1699 971 1784 1016 quod
1815 973 1954 1003 eensuat

83 1039 151 1068 tres
189 1045 332 1078 marcas,
362 1038 455 1079 prata
493 1033 554 1068 sub
582 1034 673 1077 villa,
703 1046 767 1079 que
796 1039 958 1068 censuant
995 1040 1136 1079 quatuor
1164 1045 1295 1068 marcas
1324 1038 1355 1067 et
1394 1033 1511 1066 decem
1540 1042 1680 1075 grossos
1718 1042 1777 1076 pro
1807 1032 1951 1076 pascuis,

81 1106 164 1140 quos
184 1097 403 1128 communitas
423 1094 533 1137 solvit,
553 1097 678 1128 curiam
699 1095 880 1140 predialem
901 1098 933 1128 in
954 1100 1046 1140 parte
1067 1095 1229 1129 inferiori„
1246 1093 1411 1139 quondam
1432 1092 1520 1134 Ade,
1538 1103 1612 1125 cum
1633 1094 1700 1125 suis
1721 1092 1951 1136 pertinenciis.

82 1158 114 1189 in
152 1160 184 1189 et
221 1166 322 1200 super
359 1154 476 1200 quibus
511 1155 628 1192 laneis.
667 1159 760 1198 ortis,
799 1156 979 1199 curticulis,
1017 1155 1198 1197 thabernis,
1236 1154 1368 1196 balneo,
1407 1153 1514 1195 fabro,
1557 1155 1659 1198 pratis
1697 1156 1729 1184 et
1764 1150 1953 1184 molendino

82 1227 211 1250 summa
231 1227 352 1249 census
381 1218 480 1249 annui
499 1216 540 1249 ad
560 1218 797 1261 quinquaginta
819 1219 962 1261 quinque
992 1227 1066 1250 cum
1087 1215 1219 1249 dimidia
1240 1217 1361 1248 marcis
1381 1218 1413 1247 et
1441 1216 1586 1258 quinque
1607 1214 1735 1256 grossis
1755 1221 1953 1256 grossorum

82 1279 298 1323 pragensium
336 1279 498 1310 moravici
526 1279 656 1310 numeri
694 1281 727 1310 et
754 1280 943 1322 pagamenti
983 1288 1019 1310 se
1057 1279 1088 1309 in
1118 1280 1186 1309 toto
1224 1275 1385 1317 extendit,
1415 1278 1447 1308 et
1483 1276 1627 1319 quinque
1663 1283 1793 1305 marcas
1832 1282 1954 1304 census

83 1340 182 1370 annui
220 1347 294 1370 cum
333 1341 408 1370 octo
444 1339 573 1381 grossis
611 1340 643 1370 in
676 1337 755 1371 villa
791 1337 996 1374 Polkowicz,
1044 1347 1126 1382 quas
1160 1340 1235 1382 post
1278 1339 1419 1369 mortem
1458 1334 1623 1379 quondam
1668 1332 1875 1366 Herschonis
1913 1330 1953 1364 de

83 1396 272 1440 Rokitnicz,
311 1396 437 1442 absque
466 1396 646 1431 heredibus
684 1400 816 1440 mortui,
846 1402 1013 1442 tamquam
1052 1396 1201 1430 marchio
1239 1400 1271 1429 et
1309 1395 1460 1429 dominus
1489 1396 1644 1440 superior
1679 1397 1768 1425 terre
1801 1391 1955 1425 Moravie

84 1457 283 1500 obtinemus,
304 1468 378 1491 cum
408 1460 500 1501 agris
520 1458 615 1491 cultis
645 1462 677 1491 et
697 1458 838 1497 incultis„
868 1461 943 1499 viis,
965 1457 1157 1491 accessibus
1187 1461 1219 1490 et
1249 1455 1455 1500 egressibus,
1475 1457 1620 1500 pascuis,
1647 1455 1761 1499 pratiS,
1782 1454 1954 1498 pomeriis-

83 1521 177 1561 rivis,
217 1517 417 1561 fluminibus,
447 1529 608 1563 aquarum
645 1518 854 1560 decursibus,
883 1518 1137 1561 venaciouibus,
1168 1515 1448 1562 aucupaciouibus
1486 1515 1526 1548 ad
1554 1514 1642 1547 bona
1677 1516 1847 1557 utrIusque
1876 1511 1955 1546 ville

84 1581 238 1624 superius
275 1589 438 1624 expressa
467 1578 720 1624 pertinentibus,
759 1579 900 1622 mulctis,
930 1581 1024 1624 penis
1060 1583 1092 1612 et
1120 1579 1334 1623 pertinenciis
1371 1577 1539 1609 universis
1573 1574 1671 1620 pleno
1701 1577 1733 1607 et
1760 1583 1853 1606 mero
1879 1573 1956 1616 jure

86 1639 203 1673 directi
232 1639 366 1673 dominii
395 1650 468 1673 cum
505 1639 658 1673 omnibus
687 1644 719 1673 et
747 1640 886 1684 singulis
915 1643 983 1673 suis
1021 1641 1247 1685 pertinenciiS,
1276 1635 1500 1670 usufructibus
1539 1639 1571 1668 et
1598 1632 1829 1680 proventibus„
1866 1642 1956 1677 quo-

85 1710 226 1744 cumque
246 1699 412 1733 vocabulo
442 1703 474 1733 et
493 1702 628 1733 nomine
657 1704 870 1743 censeantur,
890 1705 987 1746 prout
1016 1702 1146 1733 nosmet
1165 1701 1226 1744 ipsi
1247 1697 1364 1731 eadem
1385 1696 1470 1729 bona
1500 1697 1664 1729 tenuimus
1685 1697 1717 1727 et
1745 1692 1956 1739 possedimus

84 1759 270 1805 hucusque,
291 1759 391 1793 nichil
420 1759 515 1793 uobis
530 1761 616 1804 juris
636 1763 850 1806 proprietatis
871 1761 925 1794 vel
945 1760 1079 1793 dominii
1099 1761 1131 1792 in
1161 1758 1286 1791 eisdem
1307 1756 1402 1791 bonis
1422 1754 1601 1789 heredibus
1622 1759 1677 1787 aut
1703 1752 1957 1787 successoribus

84 1823 208 1854 nostris
237 1819 485 1854 marchionibus
523 1824 612 1854 terre
640 1820 795 1855 Moravie
829 1824 960 1866 penitus
990 1823 1219 1861 reservantes,
1249 1829 1324 1851 cum
1353 1814 1603 1850 honorabilibus
1640 1817 1722 1848 viris
1753 1817 1786 1847 et
1814 1813 1956 1846 dominis

86 1880 227 1924 decano,
256 1883 439 1926 preposito,
471 1880 614 1926 capitulo
643 1885 676 1914 et
704 1881 848 1915 ecclesie
878 1880 1093 1914 Olomucensi
1123 1879 1218 1913 nobis
1247 1878 1461 1922 singulariter
1490 1875 1666 1920 diligendis
1696 1885 1755 1920 pro
1785 1872 1953 1915 censibus,

87 1951 170 1986 quos
206 1940 283 1974 dicti
312 1940 436 1974 domini
474 1940 632 1984 decanus,
670 1944 871 1987 prepositus,
908 1938 1084 1986 capitulum
1121 1951 1159 1973 ac
1189 1939 1332 1973 ecclesia
1363 1933 1596 1972 Olomucensis
1634 1938 1667 1969 in
1696 1934 1826 1980 Opavia
1856 1944 1958 1979 super

86 2001 270 2035 advocacia
309 2005 341 2034 et
386 2001 556 2035 maccellis
594 2004 742 2035 carnium
779 2005 847 2036 suis
885 2005 1035 2047 pecuniis
1075 2004 1205 2046 emptos
1249 2011 1266 2032 a
1304 2001 1480 2032 retroactis
1522 1995 1727 2042 temporibus
1764 1998 1795 2028 in
1839 2004 1957 2027 veram

86 2061 305 2096 hereditatem
343 2066 375 2095 et
403 2061 640 2095 hereditariam
669 2061 854 2096 libertatem
884 2067 1045 2108 perpetue
1074 2060 1287 2094 obtinuerunt
1315 2063 1348 2093 et
1383 2058 1533 2092 obtinent
1567 2055 1787 2102 usquemodo,
1826 2057 1888 2088 rite
1926 2058 1958 2087 et

86 2121 334 2156 racionabiliter
371 2125 662 2165 commutavimus,
700 2123 857 2156 videlicet
894 2122 980 2156 bona
1010 2127 1042 2155 et
1075 2132 1197 2155 census
1229 2131 1290 2166 pro
1326 2118 1481 2153 censibus
1519 2121 1552 2151 et
1588 2122 1705 2150 tenore
1742 2117 1958 2161 presencium

87 2186 329 2216 commutamus
371 2182 487 2216 dantes
526 2187 557 2216 et
595 2182 764 2216 tradentes
809 2183 934 2216 eisdem
975 2183 1114 2216 dominis
1160 2181 1288 2214 decano
1325 2182 1508 2226 preposito,
1547 2177 1689 2223 capitulo
1737 2187 1776 2209 ac
1813 2175 1957 2208 ecclesie

89 2242 305 2276 Olomucensi
342 2243 552 2288 corporalem
600 2246 847 2288 possessionem
887 2243 1049 2277 bonorum
1094 2242 1171 2275 ville
1209 2239 1341 2274 Luczka
1389 2243 1421 2272 et
1458 2237 1662 2279 Polkowicz,
1698 2241 1732 2269 ut
1776 2234 1956 2281 prefertur,

88 2302 330 2337 transferentes
359 2305 391 2336 in
421 2303 558 2336 eosdem
588 2303 739 2337 dominos
769 2303 945 2346 decanum,
966 2305 1182 2349 prepositum,
1213 2300 1390 2346 capitulum
1419 2310 1459 2332 ac
1488 2298 1666 2332 ecclesiam
1697 2296 1957 2330 Olomucensem

88 2374 187 2396 omne
203 2364 271 2407 jus,
300 2365 550 2408 proprietatem,
571 2366 821 2408 possessionem
851 2369 883 2397 et
903 2364 1095 2405 dominium,
1125 2373 1188 2407 que
1208 2363 1287 2406 ipsis
1317 2362 1470 2405 superius
1491 2360 1668 2391 nominatis
1697 2359 1780 2390 viris
1800 2354 1958 2389 videlicet

88 2422 274 2457 Pawlikoni
295 2428 327 2456 et
354 2423 542 2457 Herschoni
563 2428 659 2456 antea
680 2428 713 2457 et
741 2424 872 2458 demum
895 2423 988 2457 nobis
1018 2421 1229 2468 competebat
1248 2432 1308 2455 seu
1328 2423 1521 2464 competere
1542 2421 1693 2464 poterant
1714 2420 1746 2450 in
1772 2417 1956 2462 premissis.

88 2483 321 2517 Promittentes
359 2494 420 2518 nos
458 2486 612 2529 superius
649 2487 836 2517 nominatus
874 2483 1021 2517 Jodocus
1059 2482 1208 2516 marchio
1246 2485 1336 2514 terre
1374 2479 1527 2514 Moravie
1566 2482 1732 2522 tamquam
1769 2474 1959 2510 huiusmodi

89 2546 363 2577 commutacionis
402 2543 541 2578 effector
587 2548 620 2578 et
656 2549 750 2578 actor
788 2548 818 2577 et
856 2555 917 2578 nos
956 2543 1196 2587 disbrigatores
1232 2546 1262 2575 et
1300 2541 1600 2585 compromissores
1638 2548 1697 2571 seu
1742 2536 1961 2580 fidejussores

90 2603 210 2649 prefati
248 2603 371 2638 domini
401 2604 604 2638 marchionis
640 2616 701 2650 pro
738 2608 810 2651 ipso
851 2609 881 2638 et
912 2615 985 2637 cum
1021 2607 1105 2649 ipso.
1143 2601 1297 2635 videlicet
1337 2599 1501 2633 Stiborius
1540 2598 1579 2631 de
1618 2596 1778 2641 Cimburg
1807 2596 1888 2629 alias
1918 2595 1958 2628 de

90 2663 322 2698 Thowaczow
351 2664 454 2698 czude
484 2664 667 2699 Brunensis
697 2668 901 2698 camerarius
922 2674 1109 2709 supremus,
1138 2662 1255 2695 Petrus
1285 2660 1325 2694 de
1355 2659 1553 2703 Sternberg,
1584 2656 1716 2691 Laczko
1746 2656 1786 2689 de
1816 2655 1958 2689 Crawar
