2336 3074
1021 215 1094 249 519

128 315 294 362 proticisci
324 327 443 351 versus
472 316 597 350 Italiam
618 317 737 350 nedum
769 320 799 350 iu
829 318 1008 353 subsidium
1038 324 1152 353 sancto
1182 331 1318 354 romane
1348 321 1490 355 ecclesie
1520 324 1634 355 matris
1663 326 1788 365 nostre,
1818 333 1881 367 quc
1911 326 1986 356 tunc

128 380 286 423 temporis
316 380 346 411 in
376 377 436 411 illis
466 376 612 423 partibus
649 377 898 423 opprimebatur
926 391 1022 424 quam
1060 380 1234 426 plurimum
1265 385 1297 414 ct
1325 381 1432 414 adhuc
1461 382 1594 415 cottidie
1624 385 1764 428 opprimi
1793 382 1985 417 dinoscitur.

127 437 185 471 sed
216 442 248 471 et
276 441 381 471 eciam
411 449 493 483 pace
523 438 755 483 tranquillitate
785 444 815 473 et
845 440 1011 485 republica
1042 443 1128 474 sacri
1157 443 1285 486 imperii
1315 442 1535 487 procuranda„
1565 443 1713 476 eiusdem
1743 446 1830 476 sacri
1860 446 1989 477 romani

129 501 257 544 imperii
286 501 449 532 concitata
479 501 631 544 potencia
661 502 816 534 maiestas
846 504 939 545 regia
967 501 1186 544 decrevisset,
1217 506 1325 535 tamen
1355 502 1496 536 nonullis
1525 503 1636 537 arduis
1666 507 1697 536 et
1730 503 1988 538 evidentissimis

129 561 240 593 causis
269 558 476 603 urgentibus.
506 570 569 604 quc
598 559 744 593 ultimata
775 572 955 605 regnorum
985 566 1017 595 et
1045 564 1283 607 principalium]
1314 567 1503 596 nostrorum
1534 574 1716 608 procurare
1745 567 1882 608 possent
1916 563 1988 597 dis-

129 618 261 664 pendia,
299 622 361 652 iter
389 624 538 653 nostrum
576 630 726 665 pronunc
765 623 872 654 extitit
909 621 1119 667 impeditum:
1156 622 1196 655 ad
1232 622 1329 656 finem
1364 625 1475 667 igitur,
1514 634 1555 656 ne
1593 622 1635 656 ob
1673 623 1838 656 desectum
1877 627 1989 658 nostre

131 690 276 725 persone
306 679 471 725 predictas
500 679 592 713 Italie
612 685 725 726 partes
754 683 883 727 imperii
911 685 998 716 sacri
1028 682 1141 716 fideles
1161 682 1373 717 ulterioribus
1402 682 1577 717 subiacere
1598 686 1768 728 contingat
1798 684 1988 729 dispendiis„

134 739 294 774 illustrem
314 739 475 773 Jodocum
507 740 733 774 marchionem
754 741 918 785 Mol-avie,
947 745 1129 788 principem
1151 748 1183 776 et
1210 748 1361 789 patruum
1383 748 1530 777 nostrum
1562 746 1781 781 carissimumq
1812 747 1842 777 in
1863 749 1988 789 partem

129 804 243 834 nostre
271 800 502 835 sollicitudinis
531 805 720 836 evocatum.
751 801 791 835 de
820 805 912 836 cuius
951 802 1012 836 lide
1042 808 1073 836 et
1103 802 1282 849 approbata
1321 807 1512 837 constancia
1554 804 1745 849 plenissime
1783 804 1988 847 confidimusa

131 865 280 895 nostrum
317 866 349 895 et
384 864 512 908 imperii
547 865 633 896 sacri
671 873 730 908 per
768 863 892 896 Italiam
932 868 962 897 et
1000 875 1116 897 omnes
1153 869 1265 910 partes
1302 864 1573 901 ultramontanas.
1613 865 1686 899 data
1716 864 1777 899 sibi
1815 865 1990 910 quoadhoc

130 926 294 968 potestate
323 922 526 967 plenissima,
556 925 784 956 constituimus
814 926 974 957 vicarium
1004 924 1210 968 generalem,
1240 929 1336 970 prout
1364 928 1396 958 in
1424 925 1495 958 aliis
1524 930 1637 959 nostre
1672 929 1851 960 maiestatis
1889 926 1990 959 literis

132 982 277 1029 desuper
306 983 468 1017 confectis
505 982 634 1029 plenius
673 986 869 1017 continetur.
906 984 1101 1018 Mandamus
1131 988 1229 1029 igitur
1258 988 1465 1019 universitati
1495 990 1608 1019 vestre
1638 990 1754 1019 tenore
1779 988 1989 1032 presencium

132 1043 270 1077 firmiter
299 1048 329 1077 et
359 1055 521 1089 expresse
550 1046 684 1077 omnino
715 1044 877 1079 volentes.
908 1050 1068 1090 quatenus
1098 1046 1238 1079 eundem
1275 1050 1426 1091 patruum
1456 1050 1604 1079 nostrum
1635 1050 1748 1092 utpote
1777 1051 1924 1080 nostrum
1960 1050 1991 1078 et

134 1106 263 1150 imperii
292 1107 379 1138 sacri
407 1104 601 1148 generalem
631 1107 790 1138 vicarium
821 1105 1004 1139 honorifice
1033 1118 1071 1140 ac
1102 1106 1260 1139 decenter
1289 1108 1460 1151 suscipere
1490 1105 1720 1139 favorabiliter
1757 1110 1789 1139 et
1818 1108 1991 1140 caritative

132 1169 289 1209 tractare,
327 1164 455 1210 sibique
493 1167 524 1198 in
560 1165 770 1211 procuranda
805 1169 952 1211 parcium
990 1167 1116 1200 illarum
1153 1165 1334 1211 republica,
1373 1170 1405 1199 et
1442 1168 1615 1210 signanter
1643 1169 1674 1199 in
1704 1166 1922 1212 procurandis
1961 1170 1989 1199 et

131 1225 349 1259 effectualiter
377 1225 618 1259 conservandis
642 1225 771 1270 juribus
801 1230 921 1260 nostris
942 1231 972 1260 et
1002 1229 1129 1273 imperii
1150 1238 1188 1260 ac
1217 1229 1383 1260 universis
1413 1231 1444 1260 et
1472 1226 1610 1271 singulis
1639 1226 1783 1260 officium
1813 1229 1991 1260 vicariatus

131 1286 270 1332 predicti
300 1286 590 1325 concernentibus„
621 1297 721 1332 super
750 1286 866 1332 quibus
888 1298 949 1321 vos
970 1289 1145 1332 requisitos
1166 1286 1328 1329 habuerit,
1358 1298 1396 1320 ac
1416 1289 1443 1320 si
1463 1289 1618 1321 maiestas
1639 1291 1752 1321 nostra
1773 1287 1992 1333 personaliter

132 1347 277 1389 adesset,
307 1351 404 1393 prout
432 1351 464 1380 et
493 1351 649 1392 quantum
680 1349 848 1387 teneininh
879 1346 1017 1390 debetis,
1053 1350 1191 1393 potestis
1220 1351 1252 1380 et
1280 1347 1398 1380 valetis
1428 1350 1598 1390 assistere,
1633 1358 1671 1380 ac
1700 1350 1771 1382 sine
1801 1346 1991 1381 difficultate

134 1412 166 1442 et
195 1408 465 1442 contradiceione
494 1407 693 1453 quibuslibet
721 1412 873 1454 prompto
903 1407 1033 1453 quidem
1062 1410 1171 1441 animo
1200 1418 1321 1453 parere
1350 1411 1382 1440 et
1420 1407 1591 1441 intendere
1628 1408 1738 1441 velitis
1776 1412 1807 1441 et
1844 1407 1992 1441 debeatis

131 1469 267 1503 realiter
296 1479 371 1502 cum
400 1468 531 1511 effectu,
561 1468 643 1502 tales
672 1479 734 1502 vos
763 1471 794 1501 in
824 1467 885 1501 hiis
914 1473 1064 1514 prompta
1094 1472 1126 1502 et
1155 1467 1241 1501 fideli
1271 1467 1447 1512 diligencia
1477 1467 1686 1503 exhibentes.
1724 1468 1810 1513 quod
1849 1468 1993 1514 desuper

132 1540 247 1564 coram
277 1532 449 1564 maiestate
477 1533 591 1563 nostra
620 1528 846 1562 commendari
883 1531 1027 1574 possitisq
1066 1533 1097 1562 et
1126 1528 1231 1562 dictus
1269 1528 1402 1562 illustris
1440 1533 1575 1574 patruus
1612 1533 1727 1562 noster
1764 1528 1839 1562 fidei
1880 1533 1992 1563 vestre

135 1594 252 1625 merito
282 1595 434 1624 teneatur
462 1595 577 1624 nostro
606 1592 740 1624 nomine
768 1589 808 1623 ad
838 1589 1005 1623 reddenda
1034 1589 1121 1623 licita
1152 1591 1267 1622 merita
1296 1591 1497 1633 graciarum.
1550 1588 1764 1623 Presencium
1801 1589 1860 1623 sub
1898 1591 1992 1633 regie

134 1656 248 1686 nostre
264 1653 445 1686 maiestatis
461 1651 570 1696 sigillo
590 1653 779 1685 testimonio
799 1650 980 1684 literarum.
1002 1649 1120 1683 Datum
1138 1649 1304 1683 Karlstein
1325 1659 1411 1682 anno
1428 1648 1550 1682 domini
1567 1649 1740 1683 millesimo
1757 1651 1992 1683 trecentesimo

133 1715 365 1757 nonagesimo,
409 1712 461 1746 die
498 1714 603 1758 prima
638 1714 761 1745 niensis
795 1710 884 1754 Maii3
931 1721 1111 1755 regnorum
1150 1714 1338 1743 nostrorum
1376 1720 1463 1743 anno
1502 1708 1638 1743 Boemie
1676 1712 1992 1755 vicesimoseptimo,

133 1773 361 1807 Romanorum
391 1784 476 1807 vero
505 1777 621 1818 quarto
652 1772 792 1805 decimo.

445 1851 519 1885 (Auf
532 1856 581 1877 (ier
598 1851 739 1876 Plieatur:
764 1851 809 1876 Ad
826 1850 988 1875 mandatum
1014 1849 1119 1874 domini
1144 1849 1217 1881 regis
1233 1848 1380 1874 Jolianues
1398 1848 1576 1873 Cainiuensis
1595 1848 1711 1880 electus7
1736 1848 1935 1875 cancellarius,
1952 1863 1994 1868 -—-

551 1903 584 1928 In
608 1903 707 1928 dorso:
746 1903 780 1929 R.
806 1901 1024 1928 Bartholoiniius
1048 1901 1081 1926 de
1105 1900 1315 1926 Nox-aeivitate.
1341 1916 1379 1918 —
1404 1900 1467 1925 Von
1492 1900 1582 1925 dieser
1606 1900 1745 1925 Frkundc
1769 1900 1831 1925 sind
1863 1900 1920 1925 (lrei
1946 1899 1997 1924 auf

550 1955 719 1988 Pergament
736 1953 946 1988 geschriebene,
967 1952 1048 1985 jedes
1066 1952 1115 1976 mit
1138 1951 1228 1977 einem
1253 1960 1369 1985 ,gl-ossen
1394 1952 1562 1985 liiingenden
1580 1951 1637 1985 Sig.
1655 1951 1810 1977 versehene
1827 1952 1993 1985 Exemplare

551 2006 733 2033 vorhandeu:
772 2005 816 2031 bei
849 2005 953 2030 zweien
985 2003 1078 2029 felilen
1110 2003 1154 2029 die
1185 2006 1313 2037 gesperrt
1335 2003 1509 2037 gedruckten
1541 2003 1656 2029 WVorte:
1698 2003 1857 2039 77prioribus
1889 2003 1993 2028 areium

551 2057 717 2083 vexilliferis
738 2057 879 2091 justicie.“
909 2072 947 2076 —
973 2055 1157 2088 Abgedruckt
1188 2055 1225 2080 ist
1255 2055 1299 2080 die
1324 2055 1461 2081 Urkunde
1493 2055 1520 2079 in
1546 2055 1648 2080 Pelzl's
1672 2055 1708 2080 K.
1735 2055 1852 2080 XVenzel
1878 2055 1937 2082 lv,
1964 2055 1994 2079 la

550 2107 791 2139 Urkundeubueh,
815 2118 842 2143 p.
868 2109 919 2137 90,
941 2117 968 2134 n.
996 2108 1044 2134 71),
1073 2122 1105 2125 ω
1134 2106 1197 2140 Vgl.
1225 2116 1251 2131 n.
1277 2107 1360 2140 596.)

139 2336 255 2369 Franz>
274 2336 336 2369 der
356 2335 509 2379 Jmtqere
528 2345 593 2368 con
618 2334 778 2367 Carrara
798 2330 989 2376 cerspricht
1018 2330 1090 2363 dem
1110 2328 1342 2362 Reiclzscilcar
1367 2331 1425 2373 feli·
1446 2329 1581 2371 Italien,
1609 2329 1732 2371 Jodolae,
1764 2329 1989 2373 illarlcyrafen

138 2407 205 2429 von
226 2395 384 2438 Ma'hren,
413 2397 448 2428 in
476 2395 568 2429 allen
598 2395 720 2428 dessen
742 2392 948 2432 Gescledfteu
977 2389 1159 2435 beilcilsle'clc
1178 2400 1217 2422 za
1237 2390 1320 2422 sein.
1354 2388 1412 2422 Dt.
1437 2388 1673 2432 Grummberq,
1704 2388 1762 2423 28.
1787 2387 1861 2422 Mae·
1883 2388 1992 2422 1390.

296 2470 387 2535 Ego
431 2490 631 2524 Franciscus
672 2491 786 2534 junior
832 2488 872 2521 de
915 2486 1068 2520 Carraria
1115 2489 1229 2518 notum
1276 2483 1361 2518 facio
1409 2489 1525 2518 tenore
1571 2486 1782 2529 presencium
1830 2486 1997 2517 universis

137 2555 313 2598 presentes
351 2551 463 2585 literas
499 2553 632 2594 visuris7
670 2551 804 2584 lecturis
843 2553 873 2582 et
902 2547 1071 2581 audituris.
1112 2544 1207 2586 Quod
1245 2549 1371 2578 matura
1415 2543 1659 2577 deliberacione
1688 2548 1720 2577 et
1748 2554 1830 2577 sano
1859 2543 1996 2577 consilio

138 2614 321 2645 amicorum
370 2621 519 2644 meorum
562 2610 743 2656 prehabitis
780 2609 999 2643 illustrissimo
1037 2607 1177 2651 principi
1214 2609 1245 2638 et.
1282 2604 1426 2648 domino,
1478 2604 1610 2638 domino
1648 2603 1776 2638 Jodoco
1814 2603 1997 2638 marchioni

138 2671 291 2706 Moravie
320 2682 359 2704 ac
388 2673 475 2705 sacri
504 2673 633 2705 romani
661 2672 790 2716 imperii
819 2671 945 2703 vicario
973 2666 1135 2712 generali,
1177 2663 1365 2699 dominabili
1403 2667 1510 2698 amico
1549 2675 1623 2698 meo
1658 2667 1843 2707 cai-issinio,
1882 2663 1997 2697 harum
