2336 3074
994 209 1059 243 121

97 319 228 361 petuam
268 315 416 349 eiusdem
454 314 598 348 ecclesie
636 317 741 348 sancti
777 313 906 356 Jacobt„
943 315 996 358 qui
1027 323 1210 353 congruam
1240 316 1434 358 porcionem
1465 312 1525 346 sibi
1555 316 1757 358 assignatam
1789 313 1961 346 dumtaxat

97 374 221 409 habere
268 375 461 411 dinoscitur.
508 378 539 408 in
582 373 807 408 solucionibus
850 378 883 407 et
924 372 1230 407 contribucionilnis
1274 372 1402 406 decime
1445 373 1582 418 papalis„
1630 376 1824 406 nunciorum
1870 374 1960 407 sedis

96 436 289 481 apostolice.
319 435 661 481 archiepiscoporum
699 437 944 479 episcoporum.
977 433 1288 466 archidiaconorum
1320 438 1349 466 91
1380 433 1519 466 aliorum
1549 445 1687 467 onerum
1718 444 1778 479 pro
1809 438 1960 479 tempore

96 495 374 535 incuinbencium,
411 499 533 538 taxari,
563 496 671 528 induci
701 499 731 527 et
762 494 915 540 compelli
944 494 984 527 ad
1014 493 1168 535 (landum.
1209 493 1405 526 solvendum
1437 498 1466 526 et
1497 494 1734 538 assignandum
1764 494 1897 527 totalem
1927 498 1960 527 et

95 559 258 601 integram
289 567 450 589 summam
480 555 541 589 sibi
570 558 756 600 impositam
788 554 969 588 secundum
1000 558 1150 587 tenorem
1180 555 1402 597 registrorum
1433 556 1654 598 antiquorum.
1692 559 1789 599 prout
1818 555 1897 587 darc
1926 558 1957 587 et

95 616 229 650 solvere
265 619 441 650 consuevit
476 619 551 649 ante
590 618 801 649 ereccionem
840 617 1033 648 monasterii
1072 613 1223 659 predicti.
1254 613 1386 657 quando
1417 613 1532 646 eadem
1563 614 1706 647 ecclesia
1736 626 1793 648 sua
1819 616 1895 658 jura
1925 618 1958 648 et

94 681 277 722 proventus
314 681 346 710 et
381 676 536 709 utilitates
564 678 722 709 universa
752 675 847 709 simul
876 679 908 708 et
936 674 1033 720 plene
1064 676 1167 707 tenuit
1196 678 1228 706 et
1257 673 1423 718 possedit:
1463 684 1523 707 nos
1553 674 1705 707 volentes
1735 674 1809 707 hnic
1839 674 1956 708 morbo

95 747 277 781 congruam
315 735 474 769 adhibere
512 735 687 771 medelam.
735 747 777 768 ne
815 735 900 768 idem
938 737 1084 767 vicarius
1122 738 1302 779 perpetuus
1340 736 1476 777 gravari
1514 734 1624 767 valeat
1663 734 1744 767 ultra
1783 735 1824 768 id.
1869 734 1955 779 qnod

94 807 276 830 consonum
316 796 414 830 fuerit
452 799 598 841 equitati„
637 795 848 841 presentibus
887 795 1098 828 decernimus
1136 797 1168 826 et
1206 793 1427 826 declaramus.
1468 794 1552 838 quod
1592 799 1771 839 perpetuus
1809 798 1955 828 vicarius

94 857 241 891 eiusdem
263 857 408 890 ecclesie
428 867 488 902 pro
509 861 659 902 tempore
680 859 829 889 existens
849 858 881 888 in
901 853 1127 889 solucionibus
1153 858 1185 887 et
1212 853 1518 887 contribucionibus
1548 865 1686 887 onerum
1717 855 1954 899 predictorum.

93 921 230 963 quocies
260 922 291 951 et
320 917 451 962 quando
481 928 519 950 ea
548 920 671 962 imponi
701 919 889 961 contigerit..
921 915 961 948 de
991 919 1066 948 octo
1097 916 1218 947 marcis
1248 924 1444 958 grossorum
1475 917 1701 959 pragensium.
1737 915 1775 947 ad
1807 926 1889 959 quos
1918 926 1955 948 se

93 977 218 1011 fructus
255 977 342 1011 dicte
380 978 525 1011 ecclesie
566 977 759 1020 extendunt.
798 981 895 1022 prout
932 986 1046 1010 sumus
1084 973 1169 1007 bene
1207 973 1386 1017 informati,
1426 985 1486 1019 pro
1525 978 1595 1007 rata
1634 974 1694 1007 sibi
1733 977 1884 1020 imposita
1924 979 1954 1007 et

93 1041 199 1083 ipsum
237 1041 464 1082 contingente,
500 1038 635 1071 solvere
672 1037 791 1071 debeat
829 1041 990 1082 perpetuo
1030 1034 1236 1079 temporibus
1275 1034 1435 1068 affuturis.
1479 1034 1515 1068 In
1553 1045 1692 1079 quorum
1733 1038 1954 1068 testimonium

92 1098 235 1143 sigillum
264 1102 413 1131 nostrum
443 1100 549 1131 maius
577 1096 788 1143 presentibus
818 1101 868 1131 est
897 1106 1090 1141 appensum.
1121 1094 1242 1128 Datum
1271 1099 1303 1128 et
1331 1099 1439 1128 actum
1470 1097 1502 1128 in
1532 1099 1642 1128 castro
1672 1099 1785 1128 nostro
1811 1095 1954 1141 Maylicz

92 1169 178 1192 anno
221 1158 345 1191 domini
382 1158 556 1192 millesimo
594 1160 830 1191 trecentesimo
865 1159 1115 1202 septuagesimo
1155 1160 1288 1199 octavo,
1327 1157 1398 1201 ipso
1434 1155 1486 1188 die
1516 1159 1630 1189 sancte
1660 1153 1784 1188 Cecilie
1814 1158 1955 1199 virginis

91 1219 249 1263 gloriose.
284 1244 287 1246 -

403 1278 492 1313 (Orig.
516 1279 597 1313 Perg.
622 1279 648 1304 h.
673 1278 730 1312 Sig.
754 1278 791 1304 im
815 1277 965 1304 fiirsterzb.
990 1277 1115 1303 Archive.
1140 1277 1168 1302 in
1192 1276 1359 1310 Kremsier.)

978 1440 1078 1475 132.

91 1544 198 1578 Pabst
230 1544 348 1578 Urban
385 1544 439 1578 VI.
477 1544 621 1578 rerleilit
650 1545 722 1577 dem
752 1544 844 1577 Abte
872 1544 932 1577 des
964 1543 1121 1576 Klosters
1150 1541 1337 1583 Hrculi-sch7
1372 1541 1548 1574 Tererard.
1582 1542 1649 1575 med
1675 1543 1793 1574 see'nen
1825 1541 1951 1574 Nach—

296 1605 443 1649 folqern.
475 1605 537 1638 das
567 1604 678 1637 Reclzl
707 1605 768 1637 (191·
796 1603 1047 1648 Pontificale'en.
1106 1602 1163 1635 Dt.
1195 1602 1283 1635 Rom
1315 1602 1374 1635 20.
1406 1601 1600 1635 December
1630 1600 1739 1634 1378.

245 1680 420 1734 Urbanus
449 1701 626 1745 episcopus
655 1710 775 1733 servus
804 1710 981 1733 servorum
1012 1698 1063 1732 dei
1094 1698 1220 1731 dilectis
1250 1696 1323 1730 filiis
1352 1696 1540 1730 Terwardo
1570 1695 1680 1729 abbati
1709 1700 1739 1729 et
1770 1698 1951 1729 conventui

90 1763 281 1794 monasterii
303 1759 517 1793 Gradicensis
547 1770 650 1805 prope
677 1759 836 1793 Olomucz
866 1761 1181 1804 premonstratensis
1211 1757 1335 1791 ordinis
1365 1757 1503 1790 salutem
1533 1761 1565 1790 et
1594 1756 1810 1801 apostolicam
1840 1755 1952 1789 bene-

90 1820 286 1854 diccionem.
338 1819 500 1865 Exposcit
540 1824 656 1853 vestre
699 1819 895 1853 devocionis
938 1821 1113 1853 sinceritas
1156 1822 1187 1851 et
1228 1817 1400 1861 religionis
1442 1821 1661 1862 promovetur
1704 1815 1874 1858 honestas7
1918 1819 1953 1848 ut

90 1883 326 1914 monasterium
356 1884 505 1914 vestrum
535 1880 643 1924 dignis
672 1879 855 1913 honoribus
884 1880 1080 1913 attollamus.
1120 1878 1277 1912 Exliibita
1307 1877 1469 1922 siquidem
1498 1876 1593 1910 nobis
1623 1887 1682 1921 pro
1712 1880 1806 1921 parte
1835 1880 1950 1909 vestra

88 1943 209 1986 peticio
247 1940 447 1983 continebat,
486 1940 572 1985 quod
609 1940 728 1973 dudum
763 1939 869 1973 felicis
898 1939 1147 1973 recordacionis
1177 1938 1362 1982 Gregorius
1391 1948 1474 1982 papa
1504 1936 1698 1970 undecimus
1729 1935 1951 1981 predecessor

89 2005 203 2034 noster
231 2001 271 2034 ad
300 2001 424 2046 inclyte
454 2003 614 2039 memorie
644 2000 754 2033 Caroli
781 1999 1008 2033 Romanorum
1038 2001 1249 2045 imperatoris
1279 2002 1310 2032 et
1338 1996 1500 2031 Bohemie
1530 2000 1621 2041 regis
1651 2007 1784 2041 semper
1805 1996 1950 2039 Augusti

88 2063 283 2094 instanciam
321 2060 377 2094 tibi
414 2064 570 2105 graciose
600 2063 817 2101 concesserit,
855 2064 889 2093 ut
923 2065 955 2093 tu
993 2059 1035 2093 fili
1071 2059 1186 2101 abbas‚
1216 2070 1313 2104 quam
1344 2058 1397 2091 diu
1428 2060 1529 2091 vitam
1559 2057 1696 2090 duxeris
1726 2059 1757 2089 in
1787 2055 1950 2092 humanis,

90 2124 197 2154 mitra.
237 2121 393 2154 sandaliis
431 2126 461 2154 et
499 2121 571 2154 aliis
609 2119 850 2166 pontificalibus
888 2123 1039 2164 insigniis
1077 2123 1121 2153 uti
1159 2123 1279 2165 possis.
1336 2119 1406 2153 Nos
1444 2122 1553 2163 itaque
1590 2117 1745 2150 volentes
1783 2116 1947 2161 prefatum

89 2184 325 2215 monasterium
346 2181 485 2227 amplius
511 2181 691 2215 honorare.
721 2183 845 2214 vestris
874 2183 905 2213 in
935 2180 998 2213 hac
1027 2184 1121 2225 parte
1150 2178 1452 2225 supplicacionibus
1481 2178 1639 2219 inclinati,
1668 2181 1701 2209 ut
1731 2186 1948 2209 successores

91 2244 147 2278 tui„
177 2240 220 2274 fili
249 2241 364 2285 abbas,
394 2241 531 2275 abbates
560 2245 661 2287 ipsius
691 2243 896 2274 monasterii.
938 2243 991 2285 qui
1021 2245 1117 2274 erunt
1145 2251 1204 2285 pro
1235 2244 1396 2285 tempore.
1428 2241 1535 2279 mitra.
1565 2237 1698 2271 annulo.
1729 2235 1887 2269 sandaliis
1918 2239 1949 2267 et

88 2301 159 2335 aliis
188 2300 430 2347 pontificalibus
467 2304 618 2346 insigniis
648 2301 752 2334 libere
781 2304 812 2334 in
842 2301 928 2333 dicto
959 2303 1161 2333 monasterio
1192 2300 1351 2333 duntaxat
1380 2301 1423 2331 uti
1454 2308 1585 2331 necnon
1615 2299 1645 2329 in
1676 2295 1793 2329 eodem
1824 2305 1948 2328 mona-

88 2364 190 2395 sterio
219 2361 493 2395 benediccionem
523 2362 694 2396 solennem
719 2365 792 2406 post
813 2363 1000 2403 missarum.
1031 2370 1250 2404 vesperarum
1273 2364 1304 2392 et
1326 2361 1556 2392 matutinarum
1578 2356 1740 2391 solennia,
1770 2354 1949 2388 dummodo

87 2423 118 2454 111
154 2421 394 2455 benediccione
430 2421 618 2456 huiusmodi
654 2422 771 2466 aliquis
807 2423 943 2454 antistes
981 2420 1037 2453 vel
1072 2420 1254 2465 apostolice
1292 2419 1380 2453 sedts
1413 2419 1543 2462 legatus
1573 2428 1712 2462 presens
1742 2426 1808 2448 non
1838 2415 1949 2457 suerit‚

87 2481 222 2526 elargiri
251 2484 389 2527 possint7
419 2481 525 2515 felicis
554 2482 804 2515 recordacionis
834 2479 1020 2514 Alexandri
1050 2491 1134 2525 pape
1163 2482 1270 2524 quarti
1299 2478 1551 2524 predecessoris
1581 2479 1696 2519 nostri‚
1727 2487 1791 2521 que
1819 2477 1949 2520 incipit:

87 2540 224 2575 abbates
263 2546 295 2575 et
330 2542 401 2575 aliis
439 2541 691 2586 quibuscunque
728 2540 1023 2574 constitucionibus
1061 2539 1253 2585 apostolicis
1291 2542 1324 2572 in
1362 2541 1565 2571 contrarium
1605 2538 1700 2570 editis
1738 2545 1948 2580 nequaquam

88 2601 306 2645 obstantibus,
336 2602 461 2635 eisdem
492 2601 746 2635 successoribus
776 2604 838 2634 tuis
867 2603 1062 2634 auctoritate
1097 2600 1278 2645 apostolica
1318 2599 1358 2632 de
1387 2598 1522 2644 speciali
1560 2600 1675 2642 gracia
1715 2601 1832 2629 tenore
1866 2606 1950 2640 pre-

88 2664 236 2695 sencium
265 2661 486 2706 indulgemus.
517 2661 604 2695 Nulli
633 2673 716 2706 ergo
747 2664 881 2695 omnino
912 2660 1078 2694 hominum
1118 2660 1213 2693 liceat
1254 2659 1339 2692 lianc
1378 2661 1532 2704 paginam
1568 2662 1682 2692 nostre
1720 2657 1950 2690 concessionis

1744 2722 1775 2747 16
