<?xml version="1.0" encoding="UTF-8"?>
<!DOCTYPE html PUBLIC "-//W3C//DTD XHTML 1.0 Transitional//EN"
    "http://www.w3.org/TR/xhtml1/DTD/xhtml1-transitional.dtd">
<html xmlns="http://www.w3.org/1999/xhtml" xml:lang="en" lang="en">
 <head>
  <title>
</title>
<meta http-equiv="Content-Type" content="text/html;charset=utf-8" />
  <meta name='ocr-system' content='tesseract 3.04.00' />
  <meta name='ocr-capabilities' content='ocr_page ocr_carea ocr_par ocr_line ocrx_word'/>
</head>
<body>
  <div class='ocr_page' id='page_1' title='image "./codexdiplomaticu11morauoft_0439.png"; bbox 0 0 2336 3074; ppageno 0'>
   <div class='ocr_carea' id='block_1_1' title="bbox 987 185 1060 219">
    <p class='ocr_par' dir='ltr' id='par_1_1' title="bbox 987 185 1060 219">
     <span class='ocr_line' id='line_1_1' title="bbox 987 185 1060 219; baseline 0 0"><span class='ocrx_word' id='word_1_1' title='bbox 987 185 1060 219; x_wconf 80' lang='lat'>415</span> 
     </span>
    </p>
   </div>
   <div class='ocr_carea' id='block_1_2' title="bbox 977 289 1081 325">
    <p class='ocr_par' dir='ltr' id='par_1_2' title="bbox 977 289 1081 325">
     <span class='ocr_line' id='line_1_2' title="bbox 977 289 1081 325; baseline -0.019 0"><span class='ocrx_word' id='word_1_2' title='bbox 977 289 1081 325; x_wconf 71' lang='lat'>473.</span> 
     </span>
    </p>
   </div>
   <div class='ocr_carea' id='block_1_3' title="bbox 97 390 1953 499">
    <p class='ocr_par' dir='ltr' id='par_1_3' title="bbox 97 390 1953 499">
     <span class='ocr_line' id='line_1_3' title="bbox 97 390 1953 440; baseline -0.003 -12"><span class='ocrx_word' id='word_1_3' title='bbox 97 394 289 440; x_wconf 71' lang='lat' dir='ltr'>Mat-hyras</span> <span class='ocrx_word' id='word_1_4' title='bbox 319 394 432 429; x_wconf 76' lang='lat' dir='ltr'>Jodoh·</span> <span class='ocrx_word' id='word_1_5' title='bbox 470 394 646 438; x_wconf 68' lang='lat' dir='ltr'>bestcitte&#39;qt</span> <span class='ocrx_word' id='word_1_6' title='bbox 681 395 743 428; x_wconf 83' lang='lat' dir='ltr'>deu</span> <span class='ocrx_word' id='word_1_7' title='bbox 782 393 916 438; x_wconf 69' lang='lat' dir='ltr'>Prayer</span> <span class='ocrx_word' id='word_1_8' title='bbox 950 393 1212 427; x_wconf 56' lang='lat' dir='ltr'>Allansionare&#39;en</span> <span class='ocrx_word' id='word_1_9' title='bbox 1256 393 1310 426; x_wconf 75' lang='lat' dir='ltr'>die</span> <span class='ocrx_word' id='word_1_10' title='bbox 1347 404 1374 425; x_wconf 83' lang='lat' dir='ltr'>s.</span> <span class='ocrx_word' id='word_1_11' title='bbox 1415 391 1714 436; x_wconf 68' lang='lat' dir='ltr'>Laurenzlmpelle</span> <span class='ocrx_word' id='word_1_12' title='bbox 1750 393 1783 424; x_wconf 71' lang='lat' dir='ltr'>in</span> <span class='ocrx_word' id='word_1_13' title='bbox 1820 390 1953 424; x_wconf 77' lang='lat' dir='ltr'>Preran</span> 
     </span>
     <span class='ocr_line' id='line_1_4' title="bbox 373 451 1684 499; baseline -0.002 -11"><span class='ocrx_word' id='word_1_14' title='bbox 373 457 431 488; x_wconf 70' lang='lat' dir='ltr'>mit</span> <span class='ocrx_word' id='word_1_15' title='bbox 459 456 521 489; x_wconf 78' lang='lat' dir='ltr'>den</span> <span class='ocrx_word' id='word_1_16' title='bbox 552 456 640 489; x_wconf 66' lang='lat' dir='ltr'>daza</span> <span class='ocrx_word' id='word_1_17' title='bbox 667 454 856 499; x_wconf 67' lang='lat' dir='ltr'>yelec&#39;z&#39;rz&#39;qen</span> <span class='ocrx_word' id='word_1_18' title='bbox 886 454 1106 499; x_wconf 67' lang='lat' dir='ltr'>Einhe‘infteu.</span> <span class='ocrx_word' id='word_1_19' title='bbox 1140 453 1197 487; x_wconf 71' lang='lat' dir='ltr'>Dc.</span> <span class='ocrx_word' id='word_1_20' title='bbox 1229 452 1322 495; x_wconf 68' lang='lat' dir='ltr'>Praq</span> <span class='ocrx_word' id='word_1_21' title='bbox 1354 451 1410 485; x_wconf 82' lang='lat'>16.</span> <span class='ocrx_word' id='word_1_22' title='bbox 1442 452 1546 497; x_wconf 73' lang='lat' dir='ltr'>April</span> <span class='ocrx_word' id='word_1_23' title='bbox 1575 451 1684 485; x_wconf 76' lang='lat'><em>1388.</em></span> 
     </span>
    </p>
   </div>
   <div class='ocr_carea' id='block_1_4' title="bbox 94 532 1957 1684">
    <p class='ocr_par' dir='ltr' id='par_1_4' title="bbox 94 532 1957 1684">
     <span class='ocr_line' id='line_1_5' title="bbox 252 532 1953 596; baseline -0.001 -13"><span class='ocrx_word' id='word_1_24' title='bbox 252 532 421 585; x_wconf 81' lang='lat' dir='ltr'>Jodocus</span> <span class='ocrx_word' id='word_1_25' title='bbox 451 551 503 585; x_wconf 90' lang='lat' dir='ltr'>dei</span> <span class='ocrx_word' id='word_1_26' title='bbox 531 553 646 596; x_wconf 80' lang='lat' dir='ltr'>gracia</span> <span class='ocrx_word' id='word_1_27' title='bbox 676 550 825 584; x_wconf 86' lang='lat' dir='ltr'>marchio</span> <span class='ocrx_word' id='word_1_28' title='bbox 855 554 885 584; x_wconf 90' lang='lat' dir='ltr'>et</span> <span class='ocrx_word' id='word_1_29' title='bbox 915 550 1067 584; x_wconf 89' lang='lat' dir='ltr'>dominus</span> <span class='ocrx_word' id='word_1_30' title='bbox 1094 549 1247 584; x_wconf 79' lang='lat' dir='ltr'>Moravie</span> <span class='ocrx_word' id='word_1_31' title='bbox 1278 553 1388 582; x_wconf 77' lang='lat' dir='ltr'>notum</span> <span class='ocrx_word' id='word_1_32' title='bbox 1419 548 1558 582; x_wconf 86' lang='lat' dir='ltr'>facimus</span> <span class='ocrx_word' id='word_1_33' title='bbox 1589 553 1705 582; x_wconf 88' lang='lat' dir='ltr'>tenore</span> <span class='ocrx_word' id='word_1_34' title='bbox 1742 550 1953 594; x_wconf 88' lang='lat' dir='ltr'>presencium</span> 
     </span>
     <span class='ocr_line' id='line_1_6' title="bbox 94 608 1955 657; baseline -0.002 -12"><span class='ocrx_word' id='word_1_35' title='bbox 94 615 273 646; x_wconf 84' lang='lat' dir='ltr'>universis.</span> <span class='ocrx_word' id='word_1_36' title='bbox 303 612 388 657; x_wconf 89' lang='lat' dir='ltr'>quod</span> <span class='ocrx_word' id='word_1_37' title='bbox 419 612 540 645; x_wconf 78' lang='lat' dir='ltr'>utiliter</span> <span class='ocrx_word' id='word_1_38' title='bbox 570 611 610 644; x_wconf 90' lang='lat' dir='ltr'>de</span> <span class='ocrx_word' id='word_1_39' title='bbox 640 615 725 645; x_wconf 85' lang='lat' dir='ltr'>statu</span> <span class='ocrx_word' id='word_1_40' title='bbox 754 610 935 656; x_wconf 82' lang='lat' dir='ltr'>reipublice</span> <span class='ocrx_word' id='word_1_41' title='bbox 964 610 1116 644; x_wconf 80' lang='lat' dir='ltr'>volentes</span> <span class='ocrx_word' id='word_1_42' title='bbox 1146 614 1178 644; x_wconf 84' lang='lat' dir='ltr'>et</span> <span class='ocrx_word' id='word_1_43' title='bbox 1205 612 1381 655; x_wconf 78' lang='lat' dir='ltr'>presertim</span> <span class='ocrx_word' id='word_1_44' title='bbox 1418 610 1558 654; x_wconf 81' lang='lat' dir='ltr'>qualiter</span> <span class='ocrx_word' id='word_1_45' title='bbox 1593 620 1738 655; x_wconf 80' lang='lat' dir='ltr'>persone</span> <span class='ocrx_word' id='word_1_46' title='bbox 1767 608 1955 654; x_wconf 80' lang='lat' dir='ltr'>spirituales</span> 
     </span>
     <span class='ocr_line' id='line_1_7' title="bbox 97 669 1954 716; baseline -0.002 -10"><span class='ocrx_word' id='word_1_47' title='bbox 97 675 129 706; x_wconf 92' lang='lat' dir='ltr'>in</span> <span class='ocrx_word' id='word_1_48' title='bbox 157 672 362 706; x_wconf 78' lang='lat' dir='ltr'>libertatibus</span> <span class='ocrx_word' id='word_1_49' title='bbox 392 683 506 705; x_wconf 91' lang='lat' dir='ltr'>earum</span> <span class='ocrx_word' id='word_1_50' title='bbox 536 676 568 705; x_wconf 91' lang='lat' dir='ltr'>et</span> <span class='ocrx_word' id='word_1_51' title='bbox 592 671 722 715; x_wconf 88' lang='lat' dir='ltr'>juribus</span> <span class='ocrx_word' id='word_1_52' title='bbox 748 672 874 716; x_wconf 83' lang='lat' dir='ltr'>jugiter</span> <span class='ocrx_word' id='word_1_53' title='bbox 903 675 1039 716; x_wconf 78' lang='lat' dir='ltr'>possent</span> <span class='ocrx_word' id='word_1_54' title='bbox 1067 673 1275 704; x_wconf 88' lang='lat' dir='ltr'>conservari.</span> <span class='ocrx_word' id='word_1_55' title='bbox 1308 669 1593 711; x_wconf 77' lang='lat' dir='ltr'>Quemadmodum</span> <span class='ocrx_word' id='word_1_56' title='bbox 1625 674 1655 703; x_wconf 90' lang='lat' dir='ltr'>et</span> <span class='ocrx_word' id='word_1_57' title='bbox 1685 670 1771 703; x_wconf 90' lang='lat' dir='ltr'>illam</span> <span class='ocrx_word' id='word_1_58' title='bbox 1793 669 1954 715; x_wconf 89' lang='lat' dir='ltr'>capellam</span> 
     </span>
     <span class='ocr_line' id='line_1_8' title="bbox 96 729 1955 776; baseline -0.002 -10"><span class='ocrx_word' id='word_1_59' title='bbox 96 735 200 767; x_wconf 88' lang='lat' dir='ltr'>sancti</span> <span class='ocrx_word' id='word_1_60' title='bbox 231 733 415 775; x_wconf 73' lang='lat' dir='ltr'>Laurencii,</span> <span class='ocrx_word' id='word_1_61' title='bbox 446 735 478 766; x_wconf 87' lang='lat' dir='ltr'>in</span> <span class='ocrx_word' id='word_1_62' title='bbox 508 732 666 765; x_wconf 73' lang='lat' dir='ltr'>Prerovia</span> <span class='ocrx_word' id='word_1_63' title='bbox 696 734 804 775; x_wconf 60' lang='lat' dir='ltr'>sitam,</span> <span class='ocrx_word' id='word_1_64' title='bbox 834 742 931 776; x_wconf 87' lang='lat' dir='ltr'>quam</span> <span class='ocrx_word' id='word_1_65' title='bbox 961 734 1195 765; x_wconf 90' lang='lat' dir='ltr'>serenissimus</span> <span class='ocrx_word' id='word_1_66' title='bbox 1215 733 1370 776; x_wconf 85' lang='lat' dir='ltr'>princeps</span> <span class='ocrx_word' id='word_1_67' title='bbox 1395 730 1546 763; x_wconf 85' lang='lat' dir='ltr'>dominus</span> <span class='ocrx_word' id='word_1_68' title='bbox 1566 730 1708 763; x_wconf 85' lang='lat' dir='ltr'>Karolus</span> <span class='ocrx_word' id='word_1_69' title='bbox 1728 729 1955 763; x_wconf 83' lang='lat' dir='ltr'>Romanorum</span> 
     </span>
     <span class='ocr_line' id='line_1_9' title="bbox 97 790 1957 839; baseline -0.002 -13"><span class='ocrx_word' id='word_1_70' title='bbox 97 796 278 839; x_wconf 89' lang='lat' dir='ltr'>imperator</span> <span class='ocrx_word' id='word_1_71' title='bbox 311 797 343 826; x_wconf 88' lang='lat' dir='ltr'>et</span> <span class='ocrx_word' id='word_1_72' title='bbox 370 792 508 826; x_wconf 90' lang='lat' dir='ltr'>Boemie</span> <span class='ocrx_word' id='word_1_73' title='bbox 543 803 606 825; x_wconf 81' lang='lat' dir='ltr'>rex</span> <span class='ocrx_word' id='word_1_74' title='bbox 644 792 720 826; x_wconf 85' lang='lat' dir='ltr'>dive</span> <span class='ocrx_word' id='word_1_75' title='bbox 758 795 931 835; x_wconf 63' lang='lat' dir='ltr'>memorie„</span> <span class='ocrx_word' id='word_1_76' title='bbox 971 792 1045 825; x_wconf 90' lang='lat' dir='ltr'>dum</span> <span class='ocrx_word' id='word_1_77' title='bbox 1085 791 1192 825; x_wconf 91' lang='lat' dir='ltr'>adhuc</span> <span class='ocrx_word' id='word_1_78' title='bbox 1223 790 1371 824; x_wconf 90' lang='lat' dir='ltr'>marchio</span> <span class='ocrx_word' id='word_1_79' title='bbox 1399 790 1551 824; x_wconf 73' lang='lat' dir='ltr'>Moravie</span> <span class='ocrx_word' id='word_1_80' title='bbox 1590 790 1717 830; x_wconf 66' lang='lat' dir='ltr'>fuisset„</span> <span class='ocrx_word' id='word_1_81' title='bbox 1760 801 1833 824; x_wconf 90' lang='lat' dir='ltr'>cum</span> <span class='ocrx_word' id='word_1_82' title='bbox 1870 790 1957 823; x_wconf 83' lang='lat' dir='ltr'>villis</span> 
     </span>
     <span class='ocr_line' id='line_1_10' title="bbox 96 850 1955 899; baseline -0.002 -13"><span class='ocrx_word' id='word_1_83' title='bbox 96 855 215 897; x_wconf 87' lang='lat' dir='ltr'>maj0ri</span> <span class='ocrx_word' id='word_1_84' title='bbox 244 853 423 898; x_wconf 88' lang='lat' dir='ltr'>Popowicz</span> <span class='ocrx_word' id='word_1_85' title='bbox 452 864 557 899; x_wconf 86' lang='lat' dir='ltr'>prope</span> <span class='ocrx_word' id='word_1_86' title='bbox 587 852 767 886; x_wconf 89' lang='lat' dir='ltr'>Chremsre</span> <span class='ocrx_word' id='word_1_87' title='bbox 797 857 829 886; x_wconf 88' lang='lat' dir='ltr'>et</span> <span class='ocrx_word' id='word_1_88' title='bbox 865 855 983 886; x_wconf 90' lang='lat' dir='ltr'>minori</span> <span class='ocrx_word' id='word_1_89' title='bbox 1013 851 1191 898; x_wconf 87' lang='lat' dir='ltr'>Popowicz</span> <span class='ocrx_word' id='word_1_90' title='bbox 1220 862 1324 897; x_wconf 88' lang='lat' dir='ltr'>prope</span> <span class='ocrx_word' id='word_1_91' title='bbox 1354 851 1561 887; x_wconf 69' lang='lat' dir='ltr'>Preroviam.</span> <span class='ocrx_word' id='word_1_92' title='bbox 1601 854 1691 884; x_wconf 86' lang='lat' dir='ltr'>curia</span> <span class='ocrx_word' id='word_1_93' title='bbox 1731 854 1762 884; x_wconf 90' lang='lat' dir='ltr'>in</span> <span class='ocrx_word' id='word_1_94' title='bbox 1791 850 1955 896; x_wconf 52' lang='lat' dir='ltr'>XVynarz.</span> 
     </span>
     <span class='ocr_line' id='line_1_11' title="bbox 97 911 1955 959; baseline -0.002 -12"><span class='ocrx_word' id='word_1_95' title='bbox 97 917 187 948; x_wconf 89' lang='lat' dir='ltr'>curia</span> <span class='ocrx_word' id='word_1_96' title='bbox 216 917 248 947; x_wconf 92' lang='lat' dir='ltr'>in</span> <span class='ocrx_word' id='word_1_97' title='bbox 282 915 399 958; x_wconf 88' lang='lat' dir='ltr'>maj0ri</span> <span class='ocrx_word' id='word_1_98' title='bbox 430 913 620 959; x_wconf 84' lang='lat' dir='ltr'>Popowicz.</span> <span class='ocrx_word' id='word_1_99' title='bbox 660 925 733 947; x_wconf 88' lang='lat' dir='ltr'>cum</span> <span class='ocrx_word' id='word_1_100' title='bbox 768 914 861 947; x_wconf 86' lang='lat' dir='ltr'>silvis</span> <span class='ocrx_word' id='word_1_101' title='bbox 890 916 1024 959; x_wconf 82' lang='lat' dir='ltr'>piscinis</span> <span class='ocrx_word' id='word_1_102' title='bbox 1058 917 1091 947; x_wconf 86' lang='lat' dir='ltr'>et</span> <span class='ocrx_word' id='word_1_103' title='bbox 1128 911 1254 946; x_wconf 87' lang='lat' dir='ltr'>duabus</span> <span class='ocrx_word' id='word_1_104' title='bbox 1294 911 1439 945; x_wconf 79' lang='lat' dir='ltr'>tabernis</span> <span class='ocrx_word' id='word_1_105' title='bbox 1474 915 1506 945; x_wconf 89' lang='lat' dir='ltr'>in</span> <span class='ocrx_word' id='word_1_106' title='bbox 1545 911 1703 945; x_wconf 88' lang='lat' dir='ltr'>suburbio</span> <span class='ocrx_word' id='word_1_107' title='bbox 1741 911 1955 945; x_wconf 82' lang='lat' dir='ltr'>Preroviensi</span> 
     </span>
     <span class='ocr_line' id='line_1_12' title="bbox 94 972 1956 1020; baseline -0.001 -13"><span class='ocrx_word' id='word_1_108' title='bbox 94 985 167 1008; x_wconf 92' lang='lat' dir='ltr'>cum</span> <span class='ocrx_word' id='word_1_109' title='bbox 202 973 354 1008; x_wconf 90' lang='lat' dir='ltr'>omnibus</span> <span class='ocrx_word' id='word_1_110' title='bbox 388 985 503 1007; x_wconf 90' lang='lat' dir='ltr'>eorum</span> <span class='ocrx_word' id='word_1_111' title='bbox 539 977 753 1020; x_wconf 88' lang='lat' dir='ltr'>pertinenciis</span> <span class='ocrx_word' id='word_1_112' title='bbox 789 974 1039 1019; x_wconf 80' lang='lat' dir='ltr'>quibuscunque</span> <span class='ocrx_word' id='word_1_113' title='bbox 1068 984 1128 1019; x_wconf 90' lang='lat' dir='ltr'>pro</span> <span class='ocrx_word' id='word_1_114' title='bbox 1158 972 1407 1006; x_wconf 88' lang='lat' dir='ltr'>honorabilibus</span> <span class='ocrx_word' id='word_1_115' title='bbox 1436 977 1636 1018; x_wconf 86' lang='lat' dir='ltr'>precentore</span> <span class='ocrx_word' id='word_1_116' title='bbox 1666 977 1696 1005; x_wconf 91' lang='lat' dir='ltr'>et</span> <span class='ocrx_word' id='word_1_117' title='bbox 1726 974 1956 1005; x_wconf 89' lang='lat' dir='ltr'>mensionariis</span> 
     </span>
     <span class='ocr_line' id='line_1_13' title="bbox 96 1032 1957 1080; baseline -0.002 -12"><span class='ocrx_word' id='word_1_118' title='bbox 96 1034 189 1068; x_wconf 89' lang='lat' dir='ltr'>chori</span> <span class='ocrx_word' id='word_1_119' title='bbox 218 1039 333 1068; x_wconf 88' lang='lat' dir='ltr'>sancte</span> <span class='ocrx_word' id='word_1_120' title='bbox 361 1034 466 1068; x_wconf 84' lang='lat' dir='ltr'>Marie</span> <span class='ocrx_word' id='word_1_121' title='bbox 495 1037 527 1067; x_wconf 91' lang='lat' dir='ltr'>in</span> <span class='ocrx_word' id='word_1_122' title='bbox 557 1035 700 1068; x_wconf 85' lang='lat' dir='ltr'>ecclesia</span> <span class='ocrx_word' id='word_1_123' title='bbox 730 1034 891 1079; x_wconf 82' lang='lat' dir='ltr'>Pragensi</span> <span class='ocrx_word' id='word_1_124' title='bbox 920 1039 1080 1080; x_wconf 90' lang='lat' dir='ltr'>perpetue</span> <span class='ocrx_word' id='word_1_125' title='bbox 1109 1036 1336 1078; x_wconf 81' lang='lat' dir='ltr'>incorporavit</span> <span class='ocrx_word' id='word_1_126' title='bbox 1366 1037 1395 1066; x_wconf 90' lang='lat' dir='ltr'>et</span> <span class='ocrx_word' id='word_1_127' title='bbox 1426 1035 1542 1069; x_wconf 62' lang='lat' dir='ltr'>univit„</span> <span class='ocrx_word' id='word_1_128' title='bbox 1580 1037 1611 1066; x_wconf 90' lang='lat' dir='ltr'>et</span> <span class='ocrx_word' id='word_1_129' title='bbox 1641 1032 1774 1065; x_wconf 86' lang='lat' dir='ltr'>illustris</span> <span class='ocrx_word' id='word_1_130' title='bbox 1803 1035 1957 1078; x_wconf 89' lang='lat' dir='ltr'>princeps</span> 
     </span>
     <span class='ocr_line' id='line_1_14' title="bbox 96 1092 1955 1139; baseline -0.002 -11"><span class='ocrx_word' id='word_1_131' title='bbox 96 1095 247 1128; x_wconf 91' lang='lat' dir='ltr'>dominus</span> <span class='ocrx_word' id='word_1_132' title='bbox 276 1094 448 1128; x_wconf 89' lang='lat' dir='ltr'>Johannes</span> <span class='ocrx_word' id='word_1_133' title='bbox 478 1094 627 1128; x_wconf 90' lang='lat' dir='ltr'>marchio</span> <span class='ocrx_word' id='word_1_134' title='bbox 646 1094 812 1137; x_wconf 66' lang='lat' dir='ltr'>Moravie7</span> <span class='ocrx_word' id='word_1_135' title='bbox 833 1098 946 1128; x_wconf 90' lang='lat' dir='ltr'>noster</span> <span class='ocrx_word' id='word_1_136' title='bbox 965 1097 1099 1139; x_wconf 81' lang='lat' dir='ltr'>genitor</span> <span class='ocrx_word' id='word_1_137' title='bbox 1119 1094 1224 1127; x_wconf 85' lang='lat' dir='ltr'>felicis</span> <span class='ocrx_word' id='word_1_138' title='bbox 1245 1094 1507 1136; x_wconf 83' lang='lat' dir='ltr'>recordacionis,</span> <span class='ocrx_word' id='word_1_139' title='bbox 1538 1093 1690 1127; x_wconf 85' lang='lat' dir='ltr'>eandem.</span> <span class='ocrx_word' id='word_1_140' title='bbox 1720 1097 1751 1126; x_wconf 90' lang='lat' dir='ltr'>ut</span> <span class='ocrx_word' id='word_1_141' title='bbox 1778 1092 1955 1138; x_wconf 89' lang='lat' dir='ltr'>prefertur.</span> 
     </span>
     <span class='ocr_line' id='line_1_15' title="bbox 96 1154 1955 1202; baseline -0.002 -13"><span class='ocrx_word' id='word_1_142' title='bbox 96 1158 407 1202; x_wconf 89' lang='lat' dir='ltr'>incorporacionem</span> <span class='ocrx_word' id='word_1_143' title='bbox 438 1155 654 1201; x_wconf 88' lang='lat' dir='ltr'>approbavit:</span> <span class='ocrx_word' id='word_1_144' title='bbox 694 1159 741 1189; x_wconf 91' lang='lat' dir='ltr'>sic</span> <span class='ocrx_word' id='word_1_145' title='bbox 777 1166 838 1189; x_wconf 91' lang='lat' dir='ltr'>nos</span> <span class='ocrx_word' id='word_1_146' title='bbox 875 1158 984 1188; x_wconf 88' lang='lat' dir='ltr'>animo</span> <span class='ocrx_word' id='word_1_147' title='bbox 1025 1154 1208 1188; x_wconf 82' lang='lat' dir='ltr'>deliberato</span> <span class='ocrx_word' id='word_1_148' title='bbox 1247 1165 1285 1188; x_wconf 88' lang='lat' dir='ltr'>ac</span> <span class='ocrx_word' id='word_1_149' title='bbox 1320 1154 1361 1188; x_wconf 92' lang='lat' dir='ltr'>de</span> <span class='ocrx_word' id='word_1_150' title='bbox 1397 1159 1488 1187; x_wconf 87' lang='lat' dir='ltr'>certa</span> <span class='ocrx_word' id='word_1_151' title='bbox 1526 1157 1639 1187; x_wconf 88' lang='lat' dir='ltr'>nostra</span> <span class='ocrx_word' id='word_1_152' title='bbox 1676 1156 1822 1186; x_wconf 89' lang='lat' dir='ltr'>sciencia</span> <span class='ocrx_word' id='word_1_153' title='bbox 1852 1156 1955 1186; x_wconf 91' lang='lat' dir='ltr'>eciam</span> 
     </span>
     <span class='ocr_line' id='line_1_16' title="bbox 96 1212 1956 1262; baseline -0.002 -12"><span class='ocrx_word' id='word_1_154' title='bbox 96 1216 259 1262; x_wconf 88' lang='lat' dir='ltr'>prefatam</span> <span class='ocrx_word' id='word_1_155' title='bbox 297 1219 609 1262; x_wconf 87' lang='lat' dir='ltr'>incorporacionem</span> <span class='ocrx_word' id='word_1_156' title='bbox 647 1227 720 1250; x_wconf 92' lang='lat' dir='ltr'>cum</span> <span class='ocrx_word' id='word_1_157' title='bbox 765 1215 915 1249; x_wconf 88' lang='lat' dir='ltr'>omnibus</span> <span class='ocrx_word' id='word_1_158' title='bbox 963 1218 1030 1249; x_wconf 89' lang='lat' dir='ltr'>suis</span> <span class='ocrx_word' id='word_1_159' title='bbox 1075 1218 1289 1261; x_wconf 77' lang='lat' dir='ltr'>pertInenciis</span> <span class='ocrx_word' id='word_1_160' title='bbox 1332 1214 1604 1260; x_wconf 72' lang='lat' dir='ltr'>approbavimus,</span> <span class='ocrx_word' id='word_1_161' title='bbox 1650 1212 1887 1247; x_wconf 75' lang='lat' dir='ltr'>ratificavimus</span> <span class='ocrx_word' id='word_1_162' title='bbox 1927 1218 1956 1247; x_wconf 91' lang='lat' dir='ltr'>et</span> 
     </span>
     <span class='ocr_line' id='line_1_17' title="bbox 96 1273 1957 1321; baseline -0.002 -11"><span class='ocrx_word' id='word_1_163' title='bbox 96 1277 324 1319; x_wconf 74' lang='lat' dir='ltr'>laudavimus3</span> <span class='ocrx_word' id='word_1_164' title='bbox 353 1276 548 1310; x_wconf 88' lang='lat' dir='ltr'>mandantes</span> <span class='ocrx_word' id='word_1_165' title='bbox 577 1279 743 1310; x_wconf 79' lang='lat' dir='ltr'>universis</span> <span class='ocrx_word' id='word_1_166' title='bbox 773 1281 805 1310; x_wconf 87' lang='lat' dir='ltr'>et</span> <span class='ocrx_word' id='word_1_167' title='bbox 833 1276 971 1320; x_wconf 82' lang='lat' dir='ltr'>singulis</span> <span class='ocrx_word' id='word_1_168' title='bbox 1001 1277 1228 1321; x_wconf 89' lang='lat' dir='ltr'>cujuscunque</span> <span class='ocrx_word' id='word_1_169' title='bbox 1258 1275 1462 1309; x_wconf 87' lang='lat' dir='ltr'>condicionis</span> <span class='ocrx_word' id='word_1_170' title='bbox 1492 1273 1687 1308; x_wconf 85' lang='lat' dir='ltr'>officialibus</span> <span class='ocrx_word' id='word_1_171' title='bbox 1717 1278 1771 1307; x_wconf 87' lang='lat' dir='ltr'>aut</span> <span class='ocrx_word' id='word_1_172' title='bbox 1800 1274 1872 1318; x_wconf 69' lang='lat' dir='ltr'>illis,</span> <span class='ocrx_word' id='word_1_173' title='bbox 1904 1277 1957 1319; x_wconf 90' lang='lat' dir='ltr'>qui</span> 
     </span>
     <span class='ocr_line' id='line_1_18' title="bbox 96 1334 1954 1382; baseline -0.002 -11"><span class='ocrx_word' id='word_1_174' title='bbox 96 1337 182 1371; x_wconf 85' lang='lat' dir='ltr'>bona</span> <span class='ocrx_word' id='word_1_175' title='bbox 228 1336 390 1372; x_wconf 87' lang='lat' dir='ltr'>Prerovie</span> <span class='ocrx_word' id='word_1_176' title='bbox 435 1340 611 1373; x_wconf 79' lang='lat' dir='ltr'>tenuerint.</span> <span class='ocrx_word' id='word_1_177' title='bbox 659 1342 691 1371; x_wconf 86' lang='lat' dir='ltr'>et</span> <span class='ocrx_word' id='word_1_178' title='bbox 732 1341 845 1371; x_wconf 83' lang='lat' dir='ltr'>nostre</span> <span class='ocrx_word' id='word_1_179' title='bbox 887 1339 1002 1381; x_wconf 74' lang='lat' dir='ltr'>gracie</span> <span class='ocrx_word' id='word_1_180' title='bbox 1044 1338 1267 1382; x_wconf 85' lang='lat' dir='ltr'>precipientes</span> <span class='ocrx_word' id='word_1_181' title='bbox 1305 1335 1364 1369; x_wconf 88' lang='lat' dir='ltr'>sub</span> <span class='ocrx_word' id='word_1_182' title='bbox 1403 1334 1539 1369; x_wconf 87' lang='lat' dir='ltr'>obtentu</span> <span class='ocrx_word' id='word_1_183' title='bbox 1576 1334 1714 1368; x_wconf 85' lang='lat' dir='ltr'>firmiter</span> <span class='ocrx_word' id='word_1_184' title='bbox 1752 1334 1954 1368; x_wconf 87' lang='lat' dir='ltr'>mandamus.</span> 
     </span>
     <span class='ocr_line' id='line_1_19' title="bbox 98 1394 1957 1443; baseline -0.003 -11"><span class='ocrx_word' id='word_1_185' title='bbox 98 1403 259 1443; x_wconf 91' lang='lat' dir='ltr'>quatenus</span> <span class='ocrx_word' id='word_1_186' title='bbox 287 1398 470 1443; x_wconf 86' lang='lat' dir='ltr'>predictam</span> <span class='ocrx_word' id='word_1_187' title='bbox 500 1398 659 1443; x_wconf 86' lang='lat' dir='ltr'>capellam</span> <span class='ocrx_word' id='word_1_188' title='bbox 690 1400 795 1431; x_wconf 88' lang='lat' dir='ltr'>sancti</span> <span class='ocrx_word' id='word_1_189' title='bbox 824 1397 998 1431; x_wconf 90' lang='lat' dir='ltr'>Laurencii</span> <span class='ocrx_word' id='word_1_190' title='bbox 1037 1401 1068 1430; x_wconf 83' lang='lat' dir='ltr'>et</span> <span class='ocrx_word' id='word_1_191' title='bbox 1104 1407 1321 1442; x_wconf 87' lang='lat' dir='ltr'>possessores</span> <span class='ocrx_word' id='word_1_192' title='bbox 1356 1399 1458 1441; x_wconf 92' lang='lat' dir='ltr'>ipsius</span> <span class='ocrx_word' id='word_1_193' title='bbox 1495 1398 1526 1429; x_wconf 92' lang='lat' dir='ltr'>in</span> <span class='ocrx_word' id='word_1_194' title='bbox 1566 1399 1712 1441; x_wconf 89' lang='lat' dir='ltr'>ipsorum</span> <span class='ocrx_word' id='word_1_195' title='bbox 1750 1394 1957 1428; x_wconf 89' lang='lat' dir='ltr'>libertatibus</span> 
     </span>
     <span class='ocr_line' id='line_1_20' title="bbox 96 1454 1954 1503; baseline -0.002 -11"><span class='ocrx_word' id='word_1_196' title='bbox 96 1463 128 1492; x_wconf 89' lang='lat' dir='ltr'>et</span> <span class='ocrx_word' id='word_1_197' title='bbox 156 1458 287 1503; x_wconf 83' lang='lat' dir='ltr'>juribus</span> <span class='ocrx_word' id='word_1_198' title='bbox 317 1457 458 1492; x_wconf 89' lang='lat' dir='ltr'>debeant</span> <span class='ocrx_word' id='word_1_199' title='bbox 489 1469 707 1501; x_wconf 70' lang='lat' dir='ltr'>conservare,</span> <span class='ocrx_word' id='word_1_200' title='bbox 746 1469 808 1491; x_wconf 89' lang='lat' dir='ltr'>nec</span> <span class='ocrx_word' id='word_1_201' title='bbox 846 1460 877 1491; x_wconf 91' lang='lat' dir='ltr'>in</span> <span class='ocrx_word' id='word_1_202' title='bbox 912 1457 1020 1502; x_wconf 87' lang='lat' dir='ltr'>aliquo</span> <span class='ocrx_word' id='word_1_203' title='bbox 1050 1457 1186 1491; x_wconf 89' lang='lat' dir='ltr'>eosdem</span> <span class='ocrx_word' id='word_1_204' title='bbox 1216 1461 1330 1491; x_wconf 89' lang='lat' dir='ltr'>contra</span> <span class='ocrx_word' id='word_1_205' title='bbox 1361 1456 1447 1489; x_wconf 86' lang='lat' dir='ltr'>hanc</span> <span class='ocrx_word' id='word_1_206' title='bbox 1475 1461 1622 1490; x_wconf 88' lang='lat' dir='ltr'>nostram</span> <span class='ocrx_word' id='word_1_207' title='bbox 1662 1454 1954 1489; x_wconf 86' lang='lat' dir='ltr'>confirmacionem</span> 
     </span>
     <span class='ocr_line' id='line_1_21' title="bbox 96 1515 1953 1564; baseline -0.002 -12"><span class='ocrx_word' id='word_1_208' title='bbox 96 1519 257 1564; x_wconf 91' lang='lat' dir='ltr'>impedire</span> <span class='ocrx_word' id='word_1_209' title='bbox 286 1523 341 1552; x_wconf 84' lang='lat' dir='ltr'>aut.</span> <span class='ocrx_word' id='word_1_210' title='bbox 369 1521 488 1564; x_wconf 81' lang='lat' dir='ltr'>quovis</span> <span class='ocrx_word' id='word_1_211' title='bbox 517 1518 615 1552; x_wconf 88' lang='lat' dir='ltr'>modo</span> <span class='ocrx_word' id='word_1_212' title='bbox 645 1518 796 1552; x_wconf 90' lang='lat' dir='ltr'>homines</span> <span class='ocrx_word' id='word_1_213' title='bbox 826 1523 879 1551; x_wconf 87' lang='lat' dir='ltr'>aut</span> <span class='ocrx_word' id='word_1_214' title='bbox 907 1517 992 1552; x_wconf 88' lang='lat' dir='ltr'>bona</span> <span class='ocrx_word' id='word_1_215' title='bbox 1022 1516 1151 1563; x_wconf 89' lang='lat' dir='ltr'>prefate</span> <span class='ocrx_word' id='word_1_216' title='bbox 1181 1517 1308 1563; x_wconf 89' lang='lat' dir='ltr'>capelle</span> <span class='ocrx_word' id='word_1_217' title='bbox 1329 1528 1402 1550; x_wconf 87' lang='lat' dir='ltr'>cum</span> <span class='ocrx_word' id='word_1_218' title='bbox 1423 1519 1491 1551; x_wconf 89' lang='lat' dir='ltr'>suis</span> <span class='ocrx_word' id='word_1_219' title='bbox 1511 1519 1725 1563; x_wconf 84' lang='lat' dir='ltr'>pertinenciis</span> <span class='ocrx_word' id='word_1_220' title='bbox 1745 1515 1953 1562; x_wconf 88' lang='lat' dir='ltr'>perturbare.</span> 
     </span>
     <span class='ocr_line' id='line_1_22' title="bbox 96 1576 1956 1624; baseline -0.002 -12"><span class='ocrx_word' id='word_1_221' title='bbox 96 1578 311 1612; x_wconf 89' lang='lat' dir='ltr'>Presencium</span> <span class='ocrx_word' id='word_1_222' title='bbox 353 1578 413 1613; x_wconf 89' lang='lat' dir='ltr'>sub</span> <span class='ocrx_word' id='word_1_223' title='bbox 454 1583 570 1613; x_wconf 88' lang='lat' dir='ltr'>nostro</span> <span class='ocrx_word' id='word_1_224' title='bbox 612 1589 759 1624; x_wconf 89' lang='lat' dir='ltr'>appenso</span> <span class='ocrx_word' id='word_1_225' title='bbox 805 1578 913 1623; x_wconf 79' lang='lat' dir='ltr'>sigillo</span> <span class='ocrx_word' id='word_1_226' title='bbox 949 1581 1137 1612; x_wconf 89' lang='lat' dir='ltr'>testimonio</span> <span class='ocrx_word' id='word_1_227' title='bbox 1173 1578 1355 1612; x_wconf 88' lang='lat' dir='ltr'>literarum.</span> <span class='ocrx_word' id='word_1_228' title='bbox 1403 1578 1523 1611; x_wconf 90' lang='lat' dir='ltr'>Datum</span> <span class='ocrx_word' id='word_1_229' title='bbox 1561 1576 1669 1621; x_wconf 84' lang='lat' dir='ltr'>Prage</span> <span class='ocrx_word' id='word_1_230' title='bbox 1707 1587 1793 1610; x_wconf 87' lang='lat' dir='ltr'>anno</span> <span class='ocrx_word' id='word_1_231' title='bbox 1834 1576 1956 1609; x_wconf 91' lang='lat' dir='ltr'>domini</span> 
     </span>
     <span class='ocr_line' id='line_1_23' title="bbox 97 1636 1956 1684; baseline -0.002 -11"><span class='ocrx_word' id='word_1_232' title='bbox 97 1639 269 1673; x_wconf 88' lang='lat' dir='ltr'>millesimo</span> <span class='ocrx_word' id='word_1_233' title='bbox 298 1642 534 1673; x_wconf 89' lang='lat' dir='ltr'>trecentesimo</span> <span class='ocrx_word' id='word_1_234' title='bbox 565 1642 793 1684; x_wconf 78' lang='lat' dir='ltr'>octuagesimo</span> <span class='ocrx_word' id='word_1_235' title='bbox 823 1643 956 1681; x_wconf 70' lang='lat' dir='ltr'>octavo,</span> <span class='ocrx_word' id='word_1_236' title='bbox 986 1638 1069 1672; x_wconf 86' lang='lat' dir='ltr'>feria</span> <span class='ocrx_word' id='word_1_237' title='bbox 1099 1642 1210 1684; x_wconf 90' lang='lat' dir='ltr'>quinta</span> <span class='ocrx_word' id='word_1_238' title='bbox 1234 1641 1385 1684; x_wconf 82' lang='lat' dir='ltr'>proxima</span> <span class='ocrx_word' id='word_1_239' title='bbox 1407 1642 1480 1684; x_wconf 89' lang='lat' dir='ltr'>post</span> <span class='ocrx_word' id='word_1_240' title='bbox 1507 1638 1705 1671; x_wconf 83' lang='lat' dir='ltr'>dominicam</span> <span class='ocrx_word' id='word_1_241' title='bbox 1726 1636 1956 1670; x_wconf 79' lang='lat' dir='ltr'>Misericordia</span> 
     </span>
    </p>
   </div>
   <div class='ocr_carea' id='block_1_5' title="bbox 97 1699 1073 1787">
    <p class='ocr_par' dir='ltr' id='par_1_5' title="bbox 97 1699 1073 1787">
     <span class='ocr_line' id='line_1_24' title="bbox 97 1699 242 1733; baseline 0 0"><span class='ocrx_word' id='word_1_242' title='bbox 97 1699 242 1733; x_wconf 89' lang='lat' dir='ltr'>Domini.</span> 
     </span>
     <span class='ocr_line' id='line_1_25' title="bbox 405 1751 1073 1787; baseline 0 -10"><span class='ocrx_word' id='word_1_243' title='bbox 405 1752 478 1787; x_wconf 84' lang='lat' dir='ltr'>(Ans</span> <span class='ocrx_word' id='word_1_244' title='bbox 504 1752 643 1778; x_wconf 71' lang='lat' dir='ltr'>Dobner‘s</span> <span class='ocrx_word' id='word_1_245' title='bbox 667 1752 793 1778; x_wconf 86' lang='lat' dir='ltr'>Monum.</span> <span class='ocrx_word' id='word_1_246' title='bbox 819 1752 875 1777; x_wconf 94' lang='lat' dir='ltr'>III.</span> <span class='ocrx_word' id='word_1_247' title='bbox 900 1760 964 1786; x_wconf 78' lang='lat' dir='ltr'>pag.</span> <span class='ocrx_word' id='word_1_248' title='bbox 990 1751 1073 1785; x_wconf 75' lang='lat'>400.)</span> 
     </span>
    </p>
   </div>
   <div class='ocr_carea' id='block_1_6' title="bbox 980 1905 1085 1940">
    <p class='ocr_par' dir='ltr' id='par_1_6' title="bbox 980 1905 1085 1940">
     <span class='ocr_line' id='line_1_26' title="bbox 980 1905 1085 1940; baseline -0.01 0"><span class='ocrx_word' id='word_1_249' title='bbox 980 1905 1085 1940; x_wconf 67' lang='lat'>474.</span> 
     </span>
    </p>
   </div>
   <div class='ocr_carea' id='block_1_7' title="bbox 101 2005 1955 2113">
    <p class='ocr_par' dir='ltr' id='par_1_7' title="bbox 101 2005 1955 2113">
     <span class='ocr_line' id='line_1_27' title="bbox 101 2005 1955 2059; baseline -0.003 -16"><span class='ocrx_word' id='word_1_250' title='bbox 101 2009 143 2059; x_wconf 84' lang='lat' dir='ltr'>K.</span> <span class='ocrx_word' id='word_1_251' title='bbox 181 2008 324 2044; x_wconf 70' lang='lat' dir='ltr'>ll&#39;enz-el</span> <span class='ocrx_word' id='word_1_252' title='bbox 351 2008 412 2043; x_wconf 74' lang='lat' dir='ltr'>IV.</span> <span class='ocrx_word' id='word_1_253' title='bbox 452 2021 513 2043; x_wconf 74' lang='lat' dir='ltr'>ron</span> <span class='ocrx_word' id='word_1_254' title='bbox 544 2008 697 2043; x_wconf 77' lang='lat' dir='ltr'>Bo&#39;hmen</span> <span class='ocrx_word' id='word_1_255' title='bbox 732 2009 890 2043; x_wconf 79' lang='lat' dir='ltr'>schliesst</span> <span class='ocrx_word' id='word_1_256' title='bbox 925 2010 984 2042; x_wconf 81' lang='lat' dir='ltr'>mit</span> <span class='ocrx_word' id='word_1_257' title='bbox 1021 2009 1093 2042; x_wconf 83' lang='lat' dir='ltr'>dem</span> <span class='ocrx_word' id='word_1_258' title='bbox 1132 2020 1207 2052; x_wconf 71' lang='lat'>²0²9·</span> <span class='ocrx_word' id='word_1_259' title='bbox 1250 2007 1386 2051; x_wconf 74' lang='lat' dir='ltr'>Koniye</span> <span class='ocrx_word' id='word_1_260' title='bbox 1424 2006 1621 2051; x_wconf 73' lang='lat' dir='ltr'>Siyz&#39;snmnd</span> <span class='ocrx_word' id='word_1_261' title='bbox 1650 2007 1717 2040; x_wconf 75' lang='lat' dir='ltr'>emd</span> <span class='ocrx_word' id='word_1_262' title='bbox 1747 2007 1819 2040; x_wconf 81' lang='lat' dir='ltr'>dem</span> <span class='ocrx_word' id='word_1_263' title='bbox 1849 2005 1955 2038; x_wconf 66' lang='lat' dir='ltr'>mfflzr.</span> 
     </span>
     <span class='ocr_line' id='line_1_28' title="bbox 271 2065 1782 2113; baseline -0.001 -11"><span class='ocrx_word' id='word_1_264' title='bbox 271 2069 406 2113; x_wconf 70' lang='lat' dir='ltr'>Marlfq.</span> <span class='ocrx_word' id='word_1_265' title='bbox 437 2069 550 2103; x_wconf 72' lang='lat' dir='ltr'>Jodoh·</span> <span class='ocrx_word' id='word_1_266' title='bbox 578 2071 631 2103; x_wconf 71' lang='lat' dir='ltr'>ein</span> <span class='ocrx_word' id='word_1_267' title='bbox 661 2068 816 2103; x_wconf 67' lang='lat' dir='ltr'>Schectz-</span> <span class='ocrx_word' id='word_1_268' title='bbox 847 2070 914 2103; x_wconf 76' lang='lat' dir='ltr'>und</span> <span class='ocrx_word' id='word_1_269' title='bbox 945 2068 1206 2103; x_wconf 62' lang='lat' dir='ltr'>Tratz-baemdnis.</span> <span class='ocrx_word' id='word_1_270' title='bbox 1238 2067 1295 2101; x_wconf 83' lang='lat' dir='ltr'>Dt.</span> <span class='ocrx_word' id='word_1_271' title='bbox 1328 2067 1421 2112; x_wconf 60' lang='lat' dir='ltr'>Pras]</span> <span class='ocrx_word' id='word_1_272' title='bbox 1452 2067 1509 2101; x_wconf 88' lang='lat'>17.</span> <span class='ocrx_word' id='word_1_273' title='bbox 1540 2067 1644 2112; x_wconf 71' lang='lat' dir='ltr'>April</span> <span class='ocrx_word' id='word_1_274' title='bbox 1674 2065 1782 2100; x_wconf 77' lang='lat'><em>1388.</em></span> 
     </span>
    </p>
   </div>
   <div class='ocr_carea' id='block_1_8' title="bbox 99 2145 1957 2692">
    <p class='ocr_par' dir='ltr' id='par_1_8' title="bbox 99 2145 1957 2692">
     <span class='ocr_line' id='line_1_29' title="bbox 256 2145 1956 2210; baseline -0.004 -11"><span class='ocrx_word' id='word_1_275' title='bbox 256 2145 509 2199; x_wconf 37' lang='lat' dir='ltr'>*venceslaus</span> <span class='ocrx_word' id='word_1_276' title='bbox 547 2166 599 2199; x_wconf 93' lang='lat' dir='ltr'>dei</span> <span class='ocrx_word' id='word_1_277' title='bbox 635 2168 749 2210; x_wconf 80' lang='lat' dir='ltr'>gracia</span> <span class='ocrx_word' id='word_1_278' title='bbox 778 2165 1006 2199; x_wconf 87' lang='lat' dir='ltr'>Romanorum</span> <span class='ocrx_word' id='word_1_279' title='bbox 1045 2176 1106 2198; x_wconf 75' lang='lat' dir='ltr'>rex</span> <span class='ocrx_word' id='word_1_280' title='bbox 1143 2175 1277 2210; x_wconf 89' lang='lat' dir='ltr'>semper</span> <span class='ocrx_word' id='word_1_281' title='bbox 1306 2169 1466 2209; x_wconf 78' lang='lat' dir='ltr'>angustus</span> <span class='ocrx_word' id='word_1_282' title='bbox 1502 2168 1534 2197; x_wconf 87' lang='lat' dir='ltr'>et</span> <span class='ocrx_word' id='word_1_283' title='bbox 1562 2162 1700 2196; x_wconf 90' lang='lat' dir='ltr'>Boemie</span> <span class='ocrx_word' id='word_1_284' title='bbox 1728 2173 1791 2195; x_wconf 77' lang='lat' dir='ltr'>rex</span> <span class='ocrx_word' id='word_1_285' title='bbox 1819 2165 1956 2195; x_wconf 89' lang='lat' dir='ltr'>notum-</span> 
     </span>
     <span class='ocr_line' id='line_1_30' title="bbox 100 2221 1956 2271; baseline -0.003 -13"><span class='ocrx_word' id='word_1_286' title='bbox 100 2224 238 2259; x_wconf 88' lang='lat' dir='ltr'>facimus</span> <span class='ocrx_word' id='word_1_287' title='bbox 267 2230 384 2260; x_wconf 82' lang='lat' dir='ltr'>tenore</span> <span class='ocrx_word' id='word_1_288' title='bbox 412 2229 622 2271; x_wconf 90' lang='lat' dir='ltr'>presencium</span> <span class='ocrx_word' id='word_1_289' title='bbox 653 2228 830 2259; x_wconf 74' lang='lat' dir='ltr'>universis.</span> <span class='ocrx_word' id='word_1_290' title='bbox 862 2225 956 2266; x_wconf 87' lang='lat' dir='ltr'>Quod</span> <span class='ocrx_word' id='word_1_291' title='bbox 978 2224 1019 2258; x_wconf 85' lang='lat' dir='ltr'>oh</span> <span class='ocrx_word' id='word_1_292' title='bbox 1040 2227 1141 2258; x_wconf 87' lang='lat' dir='ltr'>intimi</span> <span class='ocrx_word' id='word_1_293' title='bbox 1162 2227 1284 2258; x_wconf 88' lang='lat' dir='ltr'>amoris</span> <span class='ocrx_word' id='word_1_294' title='bbox 1305 2223 1520 2268; x_wconf 80' lang='lat' dir='ltr'>flagranciam</span> <span class='ocrx_word' id='word_1_295' title='bbox 1542 2227 1575 2255; x_wconf 84' lang='lat' dir='ltr'>et</span> <span class='ocrx_word' id='word_1_296' title='bbox 1607 2225 1738 2256; x_wconf 88' lang='lat' dir='ltr'>sincere</span> <span class='ocrx_word' id='word_1_297' title='bbox 1764 2221 1956 2255; x_wconf 87' lang='lat' dir='ltr'>dileccionis</span> 
     </span>
     <span class='ocr_line' id='line_1_31' title="bbox 99 2281 1954 2331; baseline -0.003 -12"><span class='ocrx_word' id='word_1_298' title='bbox 99 2285 265 2329; x_wconf 76' lang='lat' dir='ltr'>affectum,</span> <span class='ocrx_word' id='word_1_299' title='bbox 285 2285 402 2331; x_wconf 89' lang='lat' dir='ltr'>quibus</span> <span class='ocrx_word' id='word_1_300' title='bbox 422 2289 671 2320; x_wconf 87' lang='lat' dir='ltr'>serenissimum</span> <span class='ocrx_word' id='word_1_301' title='bbox 692 2289 873 2331; x_wconf 88' lang='lat' dir='ltr'>principem</span> <span class='ocrx_word' id='word_1_302' title='bbox 895 2286 1061 2319; x_wconf 90' lang='lat' dir='ltr'>dominum</span> <span class='ocrx_word' id='word_1_303' title='bbox 1085 2284 1347 2329; x_wconf 82' lang='lat' dir='ltr'>Sigismuudum.</span> <span class='ocrx_word' id='word_1_304' title='bbox 1367 2283 1515 2327; x_wconf 77' lang='lat' dir='ltr'>Ungarie</span> <span class='ocrx_word' id='word_1_305' title='bbox 1540 2283 1711 2316; x_wconf 88' lang='lat' dir='ltr'>Dalmacie</span> <span class='ocrx_word' id='word_1_306' title='bbox 1731 2281 1872 2315; x_wconf 87' lang='lat' dir='ltr'>Croacie</span> <span class='ocrx_word' id='word_1_307' title='bbox 1892 2284 1954 2314; x_wconf 90' lang='lat' dir='ltr'>etc.</span> 
     </span>
     <span class='ocr_line' id='line_1_32' title="bbox 100 2344 1957 2390; baseline -0.003 -11"><span class='ocrx_word' id='word_1_308' title='bbox 100 2356 216 2390; x_wconf 84' lang='lat' dir='ltr'>regem</span> <span class='ocrx_word' id='word_1_309' title='bbox 263 2345 400 2380; x_wconf 86' lang='lat' dir='ltr'>fratrem</span> <span class='ocrx_word' id='word_1_310' title='bbox 438 2351 468 2380; x_wconf 90' lang='lat' dir='ltr'>et</span> <span class='ocrx_word' id='word_1_311' title='bbox 516 2347 675 2380; x_wconf 85' lang='lat' dir='ltr'>illustrem</span> <span class='ocrx_word' id='word_1_312' title='bbox 721 2346 896 2389; x_wconf 68' lang='lat' dir='ltr'>Jodocum,</span> <span class='ocrx_word' id='word_1_313' title='bbox 931 2345 1158 2379; x_wconf 85' lang='lat' dir='ltr'>marchionem</span> <span class='ocrx_word' id='word_1_314' title='bbox 1204 2344 1356 2378; x_wconf 65' lang='lat' dir='ltr'>Moravie</span> <span class='ocrx_word' id='word_1_315' title='bbox 1402 2346 1585 2388; x_wconf 87' lang='lat' dir='ltr'>principem</span> <span class='ocrx_word' id='word_1_316' title='bbox 1631 2346 1781 2387; x_wconf 90' lang='lat' dir='ltr'>patruum</span> <span class='ocrx_word' id='word_1_317' title='bbox 1824 2345 1957 2374; x_wconf 89' lang='lat' dir='ltr'>nostros</span> 
     </span>
     <span class='ocr_line' id='line_1_33' title="bbox 101 2401 1956 2452; baseline -0.003 -13"><span class='ocrx_word' id='word_1_318' title='bbox 101 2408 304 2449; x_wconf 66' lang='lat' dir='ltr'>carissimos,</span> <span class='ocrx_word' id='word_1_319' title='bbox 332 2409 384 2452; x_wconf 92' lang='lat' dir='ltr'>pia</span> <span class='ocrx_word' id='word_1_320' title='bbox 414 2406 645 2452; x_wconf 87' lang='lat' dir='ltr'>frequentique</span> <span class='ocrx_word' id='word_1_321' title='bbox 666 2409 802 2440; x_wconf 87' lang='lat' dir='ltr'>caritate</span> <span class='ocrx_word' id='word_1_322' title='bbox 833 2406 1093 2451; x_wconf 62' lang='lat' dir='ltr'>complectimur,</span> <span class='ocrx_word' id='word_1_323' title='bbox 1124 2404 1248 2438; x_wconf 89' lang='lat' dir='ltr'>adhoc</span> <span class='ocrx_word' id='word_1_324' title='bbox 1277 2403 1436 2447; x_wconf 78' lang='lat' dir='ltr'>singulari</span> <span class='ocrx_word' id='word_1_325' title='bbox 1466 2403 1607 2448; x_wconf 88' lang='lat' dir='ltr'>quodam</span> <span class='ocrx_word' id='word_1_326' title='bbox 1637 2401 1757 2435; x_wconf 89' lang='lat' dir='ltr'>ardore</span> <span class='ocrx_word' id='word_1_327' title='bbox 1777 2403 1956 2434; x_wconf 84' lang='lat' dir='ltr'>innitimur.</span> 
     </span>
     <span class='ocr_line' id='line_1_34' title="bbox 102 2464 1957 2513; baseline -0.003 -14"><span class='ocrx_word' id='word_1_328' title='bbox 102 2466 241 2511; x_wconf 91' lang='lat' dir='ltr'>qualiter</span> <span class='ocrx_word' id='word_1_329' title='bbox 269 2469 354 2500; x_wconf 88' lang='lat' dir='ltr'>inter</span> <span class='ocrx_word' id='word_1_330' title='bbox 382 2470 473 2513; x_wconf 82' lang='lat' dir='ltr'>ipsos</span> <span class='ocrx_word' id='word_1_331' title='bbox 502 2472 534 2501; x_wconf 87' lang='lat' dir='ltr'>et</span> <span class='ocrx_word' id='word_1_332' title='bbox 562 2479 623 2502; x_wconf 90' lang='lat' dir='ltr'>nos</span> <span class='ocrx_word' id='word_1_333' title='bbox 651 2468 784 2501; x_wconf 85' lang='lat' dir='ltr'>firmare</span> <span class='ocrx_word' id='word_1_334' title='bbox 813 2470 978 2513; x_wconf 88' lang='lat' dir='ltr'>possimus</span> <span class='ocrx_word' id='word_1_335' title='bbox 1008 2465 1242 2499; x_wconf 86' lang='lat' dir='ltr'>indissolubilis</span> <span class='ocrx_word' id='word_1_336' title='bbox 1271 2464 1393 2497; x_wconf 84' lang='lat' dir='ltr'>vinculi</span> <span class='ocrx_word' id='word_1_337' title='bbox 1423 2466 1590 2506; x_wconf 60' lang='lat' dir='ltr'>unionenn</span> <span class='ocrx_word' id='word_1_338' title='bbox 1628 2466 1661 2495; x_wconf 93' lang='lat' dir='ltr'>ut</span> <span class='ocrx_word' id='word_1_339' title='bbox 1697 2465 1744 2496; x_wconf 90' lang='lat' dir='ltr'>sic</span> <span class='ocrx_word' id='word_1_340' title='bbox 1783 2465 1868 2495; x_wconf 90' lang='lat' dir='ltr'>inter</span> <span class='ocrx_word' id='word_1_341' title='bbox 1896 2472 1957 2495; x_wconf 86' lang='lat' dir='ltr'>nos</span> 
     </span>
     <span class='ocr_line' id='line_1_35' title="bbox 102 2521 1955 2574; baseline -0.003 -14"><span class='ocrx_word' id='word_1_342' title='bbox 102 2531 211 2560; x_wconf 88' lang='lat' dir='ltr'>mutua</span> <span class='ocrx_word' id='word_1_343' title='bbox 242 2530 379 2561; x_wconf 88' lang='lat' dir='ltr'>caritate</span> <span class='ocrx_word' id='word_1_344' title='bbox 407 2531 544 2573; x_wconf 82' lang='lat' dir='ltr'>vigente</span> <span class='ocrx_word' id='word_1_345' title='bbox 573 2540 689 2574; x_wconf 89' lang='lat' dir='ltr'>pacem</span> <span class='ocrx_word' id='word_1_346' title='bbox 720 2531 828 2561; x_wconf 89' lang='lat' dir='ltr'>terris.</span> <span class='ocrx_word' id='word_1_347' title='bbox 868 2527 1121 2572; x_wconf 85' lang='lat' dir='ltr'>tranquilitatem</span> <span class='ocrx_word' id='word_1_348' title='bbox 1152 2524 1302 2558; x_wconf 87' lang='lat' dir='ltr'>fidelibus</span> <span class='ocrx_word' id='word_1_349' title='bbox 1339 2528 1369 2557; x_wconf 92' lang='lat' dir='ltr'>et</span> <span class='ocrx_word' id='word_1_350' title='bbox 1398 2522 1493 2557; x_wconf 90' lang='lat' dir='ltr'>nobis</span> <span class='ocrx_word' id='word_1_351' title='bbox 1523 2525 1686 2567; x_wconf 88' lang='lat' dir='ltr'>utrimque</span> <span class='ocrx_word' id='word_1_352' title='bbox 1715 2521 1900 2568; x_wconf 85' lang='lat' dir='ltr'>profectum</span> <span class='ocrx_word' id='word_1_353' title='bbox 1926 2525 1955 2555; x_wconf 90' lang='lat' dir='ltr'>et</span> 
     </span>
     <span class='ocr_line' id='line_1_36' title="bbox 101 2582 1954 2632; baseline -0.002 -13"><span class='ocrx_word' id='word_1_354' title='bbox 101 2587 276 2620; x_wconf 89' lang='lat' dir='ltr'>comodum</span> <span class='ocrx_word' id='word_1_355' title='bbox 306 2598 488 2632; x_wconf 87' lang='lat' dir='ltr'>procurare</span> <span class='ocrx_word' id='word_1_356' title='bbox 516 2587 658 2622; x_wconf 81' lang='lat' dir='ltr'>finaliter</span> <span class='ocrx_word' id='word_1_357' title='bbox 686 2589 868 2622; x_wconf 88' lang='lat' dir='ltr'>valeamus.</span> <span class='ocrx_word' id='word_1_358' title='bbox 900 2586 1111 2632; x_wconf 85' lang='lat' dir='ltr'>Quapropter</span> <span class='ocrx_word' id='word_1_359' title='bbox 1139 2588 1247 2618; x_wconf 87' lang='lat' dir='ltr'>animo</span> <span class='ocrx_word' id='word_1_360' title='bbox 1277 2583 1471 2620; x_wconf 72' lang='lat' dir='ltr'>deliberato,</span> <span class='ocrx_word' id='word_1_361' title='bbox 1502 2594 1582 2616; x_wconf 88' lang='lat' dir='ltr'>sano</span> <span class='ocrx_word' id='word_1_362' title='bbox 1604 2582 1746 2616; x_wconf 85' lang='lat' dir='ltr'>fidelium</span> <span class='ocrx_word' id='word_1_363' title='bbox 1766 2586 1954 2616; x_wconf 83' lang='lat' dir='ltr'>nostrorum</span> 
     </span>
     <span class='ocr_line' id='line_1_37' title="bbox 101 2640 1955 2692; baseline -0.003 -12"><span class='ocrx_word' id='word_1_364' title='bbox 101 2647 283 2681; x_wconf 89' lang='lat' dir='ltr'>accedente</span> <span class='ocrx_word' id='word_1_365' title='bbox 312 2648 450 2682; x_wconf 89' lang='lat' dir='ltr'>consilio</span> <span class='ocrx_word' id='word_1_366' title='bbox 480 2653 512 2682; x_wconf 80' lang='lat' dir='ltr'>et</span> <span class='ocrx_word' id='word_1_367' title='bbox 540 2649 580 2683; x_wconf 90' lang='lat' dir='ltr'>de</span> <span class='ocrx_word' id='word_1_368' title='bbox 610 2654 700 2683; x_wconf 89' lang='lat' dir='ltr'>certa</span> <span class='ocrx_word' id='word_1_369' title='bbox 730 2653 843 2682; x_wconf 90' lang='lat' dir='ltr'>nostra</span> <span class='ocrx_word' id='word_1_370' title='bbox 873 2650 1017 2681; x_wconf 87' lang='lat' dir='ltr'>sciencia</span> <span class='ocrx_word' id='word_1_371' title='bbox 1047 2648 1266 2692; x_wconf 87' lang='lat' dir='ltr'>promittimus</span> <span class='ocrx_word' id='word_1_372' title='bbox 1296 2649 1325 2677; x_wconf 89' lang='lat' dir='ltr'>et</span> <span class='ocrx_word' id='word_1_373' title='bbox 1354 2655 1435 2689; x_wconf 89' lang='lat' dir='ltr'>pura</span> <span class='ocrx_word' id='word_1_374' title='bbox 1467 2642 1529 2677; x_wconf 90' lang='lat' dir='ltr'>fide</span> <span class='ocrx_word' id='word_1_375' title='bbox 1559 2642 1760 2688; x_wconf 89' lang='lat' dir='ltr'>spondemus</span> <span class='ocrx_word' id='word_1_376' title='bbox 1780 2652 1840 2688; x_wconf 94' lang='lat' dir='ltr'>pro</span> <span class='ocrx_word' id='word_1_377' title='bbox 1860 2640 1955 2675; x_wconf 91' lang='lat' dir='ltr'>nobis</span> 
     </span>
    </p>
   </div>
  </div>
 </body>
</html>
