2336 3074
1029 197 1063 206 ιο,

1017 198 1057 230 (Η

112 305 198 340 bona
229 316 300 339 mea
331 303 532 338 hereditaria
570 306 678 337 omnia
709 306 737 335 et
776 301 917 345 singula.
948 300 1078 334 mobilia
1118 305 1148 333 et
1187 299 1364 332 immobilia
1401 302 1431 332 in
1468 299 1556 332 villa.
1592 297 1803 343 Tycsschaw
1840 302 1971 334 vocata.

113 365 222 400 habita
252 368 341 399 iuxta
370 365 481 399 vittam
510 364 654 399 Mutnicz
684 365 789 408 posita
819 366 849 395 et
880 364 953 403 sita,
984 364 1072 394 omni
1102 364 1183 393 iure.
1215 370 1279 404 quo
1310 362 1396 393 tenui
1418 364 1447 392 et
1478 359 1625 405 possedi.
1655 358 1807 391 habenda
1830 358 1972 391 tenenda

112 431 144 460 et
173 437 233 472 per
262 425 398 459 eosdem
429 425 550 458 fratres
580 423 712 466 utenda,
743 422 882 456 fruenda
912 421 1016 454 libere
1046 424 1218 465 perpetue.
1250 419 1464 453 hereditarie.
1495 418 1634 465 pacifice
1664 423 1695 451 et
1717 421 1827 463 quiete
1856 421 1972 464 possi-

113 487 236 522 denda:
266 489 298 520 in
327 491 357 519 et
387 497 487 531 super
516 483 713 530 quibuslibet
742 482 837 516 bouis
867 485 949 515 ineis
977 481 1056 516 ville
1078 483 1306 526 prenominate
1327 491 1459 525 perine
1480 480 1561 513 alias
1582 480 1666 525 apud
1697 479 1842 513 nobilem
1861 482 1971 512 virum

112 546 272 581 Potonem
301 546 342 579 de
370 544 637 586 Wildemverch,
667 544 748 577 alias
784 543 904 576 dictum
943 542 984 575 (le
1021 541 1201 575 Losschicz
1234 545 1386 586 patruum
1427 552 1535 573 meum
1574 540 1733 584 legittime
1770 542 1971 585 comparatis

112 618 185 641 cum
216 606 366 640 omnibus
396 611 427 640 et
456 608 523 639 suis
551 605 690 649 singulis
721 603 855 637 iuribus.
886 602 1010 636 usibus.
1042 601 1201 635 fructibus
1231 605 1262 634 ct
1292 602 1517 645 pertinenciis.
1540 600 1695 633 videlicet
1725 603 1828 634 curia.
1859 602 1968 633 curti-

112 668 205 705 culisq
235 667 351 701 decem
381 671 413 700 et
441 671 516 700 octo
546 666 650 699 laneis
680 667 787 698 minus
816 675 881 697 nno
911 662 1062 708 quartaliqv
1093 664 1183 707 agris
1213 661 1308 694 cultis
1337 665 1368 693 et
1398 661 1539 698 incultisq
1566 664 1679 706 pratis5
1710 663 1853 706 pascuis
1875 660 1968 694 silvis

112 727 248 771 rubetis,
285 730 389 772 aqnis5
433 737 591 771 aquarum
631 724 837 761 decursibus
876 723 1004 766 rivulis,
1044 722 1199 766 fontibus,
1239 721 1491 755 venacionibus.
1530 723 1690 766 aucupiis,
1729 724 1803 762 viis,
1838 724 1967 755 viarum

112 787 250 824 actibus.
280 790 405 821 semitis
434 789 644 832 propriisque
673 788 740 819 suis
769 784 935 827 limitibus„
966 786 1061 817 metis
1092 788 1123 816 et
1152 781 1293 827 gadibus
1322 784 1499 826 antiquitus
1530 781 1702 815 distinctis.
1733 781 1867 824 iudicio,
1898 781 1970 814 ho-

112 848 264 882 minibus.
295 847 444 881 emendis
473 846 653 880 maioribus
683 850 713 879 et
748 844 942 887 minoribus
972 843 1138 885 censibus„
1168 842 1306 885 rohons,
1337 841 1531 885 honoribiis‚
1571 844 1729 885 angariis.
1760 844 1968 887 perangariis

111 919 150 942 ac
179 908 369 954 specialiter
397 912 430 941 et
457 906 662 952 generaliter
690 917 765 939 cum
794 905 945 939 omnibus
975 909 1007 938 et
1035 904 1174 948 singulis
1203 905 1271 937 suis
1300 901 1400 935 rebus
1430 901 1514 935 infra
1545 906 1575 935 et
1605 912 1703 947 supra
1726 901 1860 934 fundum
1881 912 1969 934 con-

111 972 221 1012 tentis,
251 968 501 1014 quibuscunque
529 966 716 1001 nominibus
746 970 956 1000 censeantur.
987 965 1152 1011 plenoque
1187 963 1332 997 dominio
1368 965 1400 995 in
1434 962 1512 996 villa
1551 966 1582 995 et
1616 965 1647 995 in
1685 964 1821 1007 campis
1852 961 1969 1006 quibus

111 1029 228 1063 eadem
257 1028 343 1063 bona
372 1028 449 1062 villa
479 1026 691 1073 Tyesschaw
719 1026 880 1060 hactenus
909 1029 998 1059 tenui
1027 1030 1059 1058 et
1086 1036 1192 1070 usque
1221 1023 1320 1058 modo
1349 1023 1496 1069 possedi,
1525 1022 1625 1056 nichil
1654 1025 1783 1068 penitus
1813 1022 1911 1055 michi
1938 1027 1970 1056 et

110 1089 290 1123 heredibus
319 1100 358 1122 ac
387 1087 640 1122 successoribus
668 1089 752 1120 meis
786 1089 818 1120 in
847 1086 986 1120 solidum
1025 1085 1180 1119 ammodo
1217 1088 1447 1130 inperpetuum
1484 1087 1563 1117 iuris
1598 1083 1653 1116 vel
1688 1086 1899 1128 proprietatis
1938 1086 1969 1116 in

112 1150 237 1184 eisdem
273 1149 368 1183 honis
405 1147 625 1182 reservando.
681 1146 731 1180 Εο
769 1151 878 1180 tamen
913 1151 1023 1192 pacto2
1057 1146 1143 1191 quod
1182 1145 1333 1179 dominus
1370 1143 1528 1178 Nicolaus
1566 1143 1759 1177 venerande
1797 1143 1969 1187 religionis

112 1209 257 1244 crucifer
285 1209 326 1243 de
355 1209 453 1242 domo
483 1208 662 1250 tbetontcae
694 1218 787 1240 meus
822 1218 1015 1252 germanus‚
1045 1208 1275 1252 prenominata
1304 1204 1403 1238 bona.
1433 1216 1530 1250 quam
1567 1204 1620 1237 diu
1656 1206 1757 1237 vitam
1796 1206 1903 1248 egerit
1938 1205 1969 1236 in

112 1270 275 1304 humanis.
305 1281 379 1303 cum
408 1269 506 1315 pleno
536 1268 681 1302 dominio
712 1272 820 1300 teneat
851 1278 889 1301 ac
917 1267 1098 1313 possideat,
1129 1266 1187 1301 sed
1226 1276 1306 1299 mox
1335 1276 1375 1299 eo
1414 1265 1570 1298 defuncto
1609 1267 1718 1298 onmia
1758 1269 1789 1297 et
1825 1263 1966 1308 singulm

111 1334 230 1376 quovis
260 1330 357 1364 modo
386 1333 607 1365 nominentur,
638 1328 770 1362 mobilia
806 1332 838 1361 et
876 1327 1054 1361 immobilia
1092 1330 1124 1360 in
1161 1328 1252 1360 curia
1288 1330 1318 1359 et
1356 1325 1432 1359 villa
1471 1327 1655 1359 existencia
1692 1323 1903 1370 pertinebunt
1939 1328 1970 1357 et

110 1394 279 1438 pertinere
308 1390 430 1425 debent
458 1390 498 1423 ad
526 1393 672 1436 priorem
709 1392 740 1422 et
778 1393 979 1423 conventum
1017 1391 1222 1433 prenotatos.
1280 1387 1342 1428 Qui
1380 1390 1503 1419 extunc
1541 1385 1718 1418 inmediate
1755 1396 1815 1430 pro
1854 1395 1967 1418 eorum

110 1452 318 1498 beneplacito
347 1455 484 1497 possunt
513 1455 544 1484 et
572 1450 728 1484 valebunt
758 1453 790 1483 in
818 1449 944 1483 eisdem
973 1448 1068 1482 honis
1097 1459 1157 1494 per
1186 1459 1238 1481 me
1267 1446 1508 1481 Benesschium
1538 1448 1616 1491 ipsis
1645 1445 1786 1488 donatis,
1815 1449 1848 1478 ut
1883 1456 1968 1490 pre-

111 1512 227 1555 fertur,
257 1517 290 1546 et
317 1511 443 1545 traditis
472 1511 534 1545 sibi
554 1511 681 1555 eligere
710 1514 740 1543 et
762 1510 917 1544 ordinare
937 1513 1162 1555 protectorem
1183 1513 1281 1553 atque
1302 1507 1515 1541 defensorem
1536 1509 1608 1539 sine
1628 1505 1801 1539 cuiuslibet
1826 1505 1968 1538 hominis

111 1573 357 1618 impedimento.
401 1571 474 1605 Hoc
511 1575 621 1605 tamen
659 1570 873 1615 singulariter
909 1570 1052 1611 adiecto,
1091 1568 1178 1614 quod
1213 1579 1266 1602 me
1302 1566 1521 1601 Benesschio,
1552 1565 1617 1599 filio
1653 1566 1709 1599 vel
1746 1565 1849 1599 fratre
1888 1568 1969 1599 meis

111 1643 242 1666 necnon
272 1637 304 1666 et
332 1632 419 1665 dicto
447 1631 552 1665 Pothe
581 1631 621 1664 de
651 1630 830 1664 Losschicz
859 1630 1023 1664 defunctis
1053 1629 1158 1663 dictos
1195 1628 1317 1662 fratres
1345 1627 1626 1674 predecessorum
1655 1637 1694 1659 ac
1733 1636 1967 1660 successorum

112 1703 260 1727 meorum
291 1696 323 1726 et
351 1703 445 1725 meus
481 1694 732 1725 anniversarius
770 1694 863 1724 annis
900 1690 1038 1735 singulis
1073 1692 1201 1723 tociens
1239 1691 1398 1734 quociens
1437 1687 1536 1721 fuerit
1571 1687 1611 1720 de
1648 1689 1719 1720 inre
1756 1690 1969 1732 oportunum

110 1758 207 1800 prout
236 1753 317 1786 alias
345 1755 378 1786 in
407 1763 522 1786 eorum
552 1752 669 1785 litteris
698 1754 886 1797 sponsionis
916 1750 1014 1784 michi
1043 1750 1187 1795 desuper
1215 1749 1299 1782 datis
1328 1752 1459 1782 cautum
1489 1749 1665 1792 reperitur.
1693 1747 1910 1792 solempniter
1939 1751 1969 1780 et

112 1814 233 1848 devote
261 1817 443 1859 peragatur
472 1811 616 1858 qualibet
653 1812 865 1856 negligencia
903 1822 969 1844 non
1006 1810 1169 1844 obstante.
1209 1809 1442 1843 Promittentes
1480 1818 1611 1852 qnoque
1646 1818 1707 1841 nos
1744 1806 1970 1841 Benesschius

111 1873 290 1920 predictus,
321 1873 468 1907 Proczco
498 1877 594 1906 natus
624 1872 783 1906 eiusdem.
814 1871 971 1905 Nicotaus
1007 1870 1162 1913 crucifer7
1193 1869 1297 1903 frater
1332 1871 1434 1914 ipsius
1471 1873 1501 1901 et
1539 1867 1643 1901 Potba
1681 1872 1891 1901 antenotatus
1930 1867 1970 1900 de

110 1934 174 1968 fide
201 1938 315 1967 nostra
344 1932 431 1967 bona
460 1936 531 1967 sine
561 1932 636 1966 dolo
666 1932 808 1978 quolibet
839 1943 898 1977 per
926 1942 987 1965 nos
1017 1942 1116 1964 manu
1145 1933 1321 1964 coniuncta
1350 1941 1410 1975 pro
1440 1929 1582 1962 indiviso
1612 1933 1801 1962 antenotata
1830 1928 1917 1962 hona
1938 1931 1969 1961 in

111 2006 147 2028 se
176 1999 209 2028 et
237 1993 382 2040 qualibet
410 1997 460 2028 sui
488 1998 582 2039 parte
611 1993 749 2039 prefatis
779 1992 934 2026 fratribus
964 1991 1157 2036 exbrigare‚
1189 1991 1371 2025 defendere
1401 1994 1433 2023 et
1451 1989 1606 2023 libertate
1626 1989 1666 2023 ab
1688 1988 1966 2034 impeticionihus‚

110 2054 219 2088 litibus
248 2059 279 2088 et
308 2053 537 2100 questionibus
567 2052 739 2087 cuiuslibet
769 2053 911 2086 bominis
947 2056 979 2086 et
1012 2055 1238 2086 universitatis
1277 2051 1408 2085 demum
1446 2062 1464 2083 a
1502 2051 1555 2083 die
1591 2050 1698 2083 obitus
1738 2050 1814 2083 dicti
1848 2050 1969 2082 domini

110 2115 239 2149 Nicolai
268 2115 307 2148 ad
337 2119 479 2160 tempus,
508 2117 580 2147 iure
611 2119 700 2147 terre
729 2113 882 2147 Moravie
912 2112 1041 2146 solitum
1072 2117 1103 2146 et
1140 2114 1373 2158 prescriptum,
1404 2113 1563 2156 quociens
1600 2113 1828 2144 necessarium
1858 2109 1969 2142 fuerit.

110 2178 252 2221 propriis
281 2178 403 2209 nostris
431 2174 599 2208 laboribus
629 2179 659 2208 et
690 2177 860 2220 expensis7
890 2184 929 2206 ac
958 2176 989 2206 in
1023 2175 1203 2217 registrum
1232 2183 1292 2205 seu
1322 2171 1448 2204 tabulas
1486 2173 1672 2216 provincie,
1702 2181 1799 2215 quam
1828 2172 1967 2214 primum

111 2235 269 2281 deinceps
297 2235 409 2269 Brune
438 2238 470 2268 in
499 2235 649 2280 generali
679 2235 887 2268 dominorum
918 2238 1006 2266 terre
1034 2232 1188 2266 Moravie
1217 2231 1382 2276 colloquio
1421 2242 1481 2264 seu
1509 2230 1715 2276 parlamento
1744 2233 1907 2275 patuerint
1939 2233 1969 2262 et

111 2301 226 2341 aperte
256 2295 388 2338 suerint,
417 2295 602 2329 inscribere
632 2299 664 2328 et
698 2294 882 2328 intabularc
911 2293 1093 2327 secundum
1131 2292 1280 2326 eiusdem
1318 2296 1408 2325 terre
1446 2290 1733 2324 conswetudinem
1772 2294 1802 2322 et
1838 2289 1967 2322 solitum

111 2367 255 2390 cursum.
287 2355 383 2396 Quod
411 2358 439 2389 si
468 2355 545 2401 quid
573 2360 628 2389 aut
657 2366 796 2400 quorum
827 2354 965 2387 alterum
996 2352 1169 2386 insolidum
1200 2363 1266 2385 non
1301 2351 1493 2387 fecerimus„
1523 2355 1645 2384 extunc
1675 2352 1782 2383 statim
1811 2349 1969 2394 deinceps

111 2428 194 2450 unus
222 2420 385 2459 nostrum7
415 2419 469 2461 qui
498 2427 572 2449 cum
601 2427 619 2449 a
649 2416 743 2449 dictis
773 2414 928 2448 fratribus
965 2412 1162 2455 monebitur,
1193 2415 1219 2445 is
1248 2423 1308 2457 per
1338 2413 1562 2456 interpositam
1594 2421 1771 2455 personam
1800 2409 1966 2455 ydoneam

112 2481 143 2511 et
166 2476 340 2511 honestam
366 2476 514 2509 militaris
539 2478 677 2520 originis
702 2486 775 2508 cum
805 2486 870 2508 uno
899 2474 1021 2507 famulo
1042 2478 1072 2506 et
1094 2472 1220 2506 duobus
1245 2474 1338 2517 equis
1363 2470 1548 2515 obstagium
1579 2481 1696 2503 verum
1722 2474 1753 2503 et
1778 2469 1908 2502 solitum
1938 2472 1970 2502 in

112 2540 246 2571 civitate
280 2536 413 2569 Brunna
450 2540 481 2569 et
518 2536 615 2570 domo
655 2535 794 2569 honesta
825 2534 884 2568 sibi
914 2546 974 2580 per
1003 2534 1107 2566 dictos
1136 2532 1258 2566 fratres
1287 2531 1341 2565 vel
1371 2541 1486 2564 eorum
1516 2531 1694 2575 legittimos
1732 2534 1968 2575 procuratores

112 2598 264 2643 deputata
286 2595 443 2642 prestabit
464 2599 660 2629 intemerate
680 2595 798 2628 abinde
829 2595 1013 2628 nullatenus
1043 2596 1163 2627 exituri
1184 2603 1379 2638 quacunque
1405 2594 1483 2624 iuris
1508 2591 1563 2624 vet
1588 2590 1849 2623 conswetudinis
1870 2600 1968 2622 causa

111 2660 291 2703 proposita,
322 2657 429 2690 donec
467 2656 628 2690 dictorum
665 2655 829 2689 bonorum
869 2655 1064 2699 cxhrigacio
1095 2658 1124 2687 et
1155 2652 1353 2686 intabulacio
1392 2654 1484 2685 cuius
1522 2662 1621 2684 causa
1651 2653 1677 2684 si
1707 2653 1863 2683 extiterit.
1895 2660 1968 2682 cum
