2336 3074
985 191 1058 225 365

90 293 224 327 illustris
253 303 354 338 super
382 292 447 325 hoc
474 291 569 325 nobis
600 291 765 326 humiliter
793 294 1008 339 supplicantis
1036 295 1182 328 inclinati
1211 295 1411 328 discrecioni
1441 299 1494 329 tue
1523 307 1583 341 per
1612 295 1793 341 apostolica
1827 298 1949 342 scripta

90 356 324 387 committimus
361 357 394 387 et
431 352 637 396 mandamus.
682 357 834 398 quatinus
872 359 1026 389 statutum
1070 359 1102 388 et
1139 355 1388 389 ordinacionem
1417 356 1577 401 predicta.
1627 356 1735 401 quoad
1765 355 1951 390 huiusmodi

89 425 251 460 personas
295 414 541 447 ecclesiasticas
587 416 729 447 civitatis
767 418 798 447 et
837 415 980 449 diocesis
1018 415 1250 450 Oloniucensis
1287 416 1511 461 predictarum
1550 417 1720 451 duntaxat.
1767 417 1950 462 apostolica

89 477 284 508 auctoritate
313 473 504 507 confirmes.
534 473 654 507 Datum
683 473 790 507 ι11111110
819 474 925 509 idibus
954 475 1157 510 Novembris
1185 476 1395 522 pontificatus
1425 480 1529 510 nostri
1558 488 1644 511 anno
1674 489 1775 511 nono.

400 552 493 587 (Orig.
516 552 597 586 Perg.
622 552 649 579 h.
675 552 827 586 Bleisiogel
852 553 888 578 1111
913 553 984 579 01111.
1008 554 1084 588 Kap.
1108 554 1256 589 Archive.)

972 674 1077 709 408.

88 775 239 819 Johame,
268 774 484 820 Erzbisckof
512 787 578 809 scon
614 775 719 819 Pray,
757 775 933 820 beslc'itle’yt
968 778 1022 811 die
1057 771 1299 822 Ubertraqmey
1328 778 1387 811 des
1416 777 1743 812 Patronatsrecletes
1773 779 1857 812 iiber
1885 780 1947 813 (len

88 835 322 869 Marienallar
350 837 383 869 in
413 836 474 869 det·
504 835 742 869 Galletslce'rcloe
771 837 803 869 ἱη
833 836 926 880 Praq
955 840 1022 882 auf
1043 838 1167 874 Jodols.
1197 838 1424 883 Mat-kyrafen
1458 850 1521 872 con
1551 838 1708 872 Meileren.
1766 839 1823 873 Dt.
1855 839 1948 883 Pray

806 895 864 930 15.
896 897 1088 932 December
1118 898 1228 932 1386.

252 963 447 1017 Johannes
485 983 537 1017 dei
573 987 689 1028 gracia
726 989 841 1017 sancte
870 984 1049 1029 Pragensis
1087 985 1231 1019 ecclesie
1269 985 1542 1031 archiepiscopus
1580 990 1613 1019 et
1649 987 1831 1032 apostolice
1860 987 1949 1020 sedis

88 1045 218 1090 legatus
246 1044 472 1090 significamus
501 1049 618 1078 tenore
646 1048 857 1090 presencium
878 1048 1056 1079 universis.
1088 1044 1183 1086 Quod
1211 1045 1383 1080 Johannes
1406 1047 1511 1080 dictus
1532 1046 1557 1080 F
1561 1058 1663 1080 ancza
1684 1046 1948 1092 Nuremberger.

86 1105 215 1140 habens
239 1107 489 1151 juspatronatus
518 1105 630 1138 altaris
660 1110 775 1139 sancte
800 1105 906 1139 Marie
936 1108 967 1138 111
996 1106 1138 1139 ecclesia
1168 1109 1273 1140 sancti
1294 1106 1390 1149 Galli,
1419 1110 1554 1141 maioris
1588 1110 1732 1141 civitatis
1757 1106 1948 1152 Pragensis.

87 1171 185 1212 prout
223 1171 255 1200 et
291 1178 309 1199 a
338 1166 448 1199 multis
483 1169 660 1199 retroactis
697 1165 914 1211 temporibus.
953 1169 1089 1211 quocies
1122 1166 1199 1200 illud
1228 1167 1332 1200 altare
1360 1178 1485 1200 vacare
1514 1170 1663 1212 contigit.
1693 1167 1775 1201 alius
1810 1168 1949 1202 idoneus

86 1227 252 1273 presbiter
281 1227 320 1260 ad
349 1229 639 1272 presentacionem
668 1229 770 1271 ipsius
798 1226 959 1260 Johannis
989 1227 1120 1260 Fancze
1157 1226 1215 1260 fuit
1244 1227 1405 1271 legittime
1434 1227 1559 1272 absque
1587 1231 1675 1261 omni
1713 1228 1948 1274 impedimento

87 1287 312 1331 confirmatus.
351 1290 460 1321 animo
499 1286 682 1321 deliberato
720 1291 752 1320 et
788 1291 972 1332 spontaneo
1009 1287 1039 1320 id
1068 1290 1174 1333 ipsum
1208 1289 1458 1333 juspatronatus
1487 1288 1563 1321 dicti
1593 1289 1705 1322 altaris
1739 1300 1813 1322 011111
1851 1289 1948 1334 plena

88 1352 290 1394 proprietate
319 1359 420 1394 super
448 1347 603 1382 censibus
632 1352 666 1381 et
693 1348 764 1381 aliis
793 1347 893 1381 rebus
922 1348 960 1381 ad
991 1348 1055 1381 1100
1083 1348 1309 1393 spectantibus
1338 1348 1475 1382 donavit
1502 1348 1606 1382 libere
1635 1353 1667 1382 et
1695 1352 1796 1383 cessit
1833 1349 1949 1382 illustri

87 1411 226 1455 principi
264 1409 397 1442 domino
433 1408 562 1442 Jodoco
592 1407 776 1441 marchioni
815 1412 847 1441 et
884 1408 1016 1441 domino
1044 1408 1198 1442 Moravie
1235 1419 1274 1442 ac
1311 1411 1379 1442 suis
1415 1409 1667 1443 successoribus
1701 1408 1948 1443 marchionibus

88 1469 235 1503 eiusdem
271 1474 361 1503 terre
388 1469 553 1503 Moravie.
609 1468 845 1502 Renunccians
883 1468 968 1501 idem
1007 1468 1177 1502 Johaunes
1206 1468 1337 1502 Fancza
1376 1472 1465 1503 omni
1498 1471 1565 1513 juri
1602 1469 1741 1515 predicti
1771 1469 1883 1503 altaris
1916 1473 1949 1502 et

87 1530 362 1564 condescendens
395 1530 482 1563 dicto
515 1530 648 1563 domino
677 1529 806 1563 Jodoco
836 1533 867 1562 et
896 1532 963 1562 suis
996 1528 1247 1563 successothus
1277 1529 1524 1563 marchionibus
1556 1529 1710 1563 Moravie
1752 1530 1792 1563 de
1828 1530 1946 1563 eodem

82 1592 355 1636 jurepatronatus
375 1601 449 1624 cum
478 1593 546 1623 suis
565 1592 780 1636 pertinenciis
809 1594 840 1623 et
869 1592 1045 1635 presertim
1075 1600 1149 1622 cum
1179 1589 1288 1623 debita
1317 1589 1531 1623 subieccione
1560 1589 1765 1624 honorabilis
1785 1590 1947 1624 Johannis

87 1653 238 1685 canonici
275 1654 307 1684 in
337 1650 485 1685 Cremsir
521 1656 552 1684 et
591 1661 742 1696 pronunc
780 1650 927 1684 altariste
964 1650 1097 1683 ibidem.
1143 1650 1183 1683 ad
1219 1661 1316 1695 quam
1354 1661 1391 1683 se
1420 1649 1561 1695 obligari
1596 1654 1808 1695 recognovit.
1851 1655 1949 1696 prout

86 1714 191 1745 eciam
222 1711 311 1745 solus
340 1714 412 1756 ipse
441 1710 573 1745 Fancza
602 1713 705 1744 tenuit
739 1715 770 1744 et
800 1711 947 1756 possedit
984 1710 1155 1755 hucusque
1191 1710 1329 1756 pacifice
1359 1715 1391 1743 et
1419 1713 1541 1755 quiete.
1597 1710 1752 1744 Petentes
1779 1715 1874 1757 parte
1907 1710 1947 1744 ab

85 1776 225 1817 utraque
254 1772 392 1805 eandem
423 1771 643 1805 donacionem
673 1776 705 1805 et
734 1775 922 1806 cessionem
952 1782 1012 1817 per
1034 1782 1095 1805 nos
1124 1771 1298 1804 transferri
1327 1775 1357 1804 et
1387 1775 1500 1804 nostra
1530 1774 1727 1805 auctoritate
1755 1772 1947 1805 translatam

87 1831 288 1866 confirmari.
318 1831 388 1866 Nos
416 1835 517 1877 igitur
535 1832 677 1878 predicti
696 1832 809 1866 altaris
838 1844 898 1877 per
927 1831 991 1865 1100
1020 1831 1091 1865 fieri
1116 1835 1329 1876 augmentum
1350 1836 1543 1876 pensantes,
1573 1832 1692 1865 dictam
1714 1832 1946 1865 donacionem.

86 1895 274 1926 cessionem
304 1897 336 1925 et
370 1893 625 1926 translacionem
646 1893 759 1926 altaris
779 1892 957 1938 supradicti
979 1892 1017 1925 ad
1038 1903 1158 1937 preces
1179 1894 1326 1937 parcium
1356 1891 1501 1925 inclinati
1521 1892 1734 1934 ratificamus,
1762 1892 1947 1927 laudamus.

85 1952 308 1998 approbamus
329 1957 361 1985 et
380 1956 576 1986 auctoritate
608 1957 721 1986 nostra
743 1952 988 1986 confirmamus.
1012 1952 1225 1985 Presencium
1247 1951 1307 1986 sub
1327 1963 1475 1998 appenso
1495 1957 1609 1986 nostro
1629 1953 1738 1998 sigillo
1758 1955 1947 1986 testimonio

85 2013 279 2046 litterarum.
334 2013 454 2046 Datum
490 2012 598 2058 Frage
626 2013 705 2047 XV³
730 2013 782 2047 die
820 2016 942 2046 mensis
980 2012 1188 2046 Decembris.
1224 2023 1310 2046 anno
1348 2013 1470 2046 domini
1499 2013 1673 2047 millesimo
1712 2016 1946 2047 trecentesimo

85 2076 293 2118 octogesimo
323 2077 432 2107 sexto.

395 2151 485 2186 (Orig.
503 2152 584 2185 Perg.
610 2152 636 2177 11.
661 2152 734 2177 wohl
760 2152 920 2178 erhaltenes
945 2151 1003 2185 Sig.
1029 2151 1056 2176 iu
1081 2151 1134 2176 den
1159 2151 1343 2177 standischeu
1368 2151 1462 2177 Akten
1488 2152 1537 2177 des
1561 2152 1650 2177 11151111.
1677 2152 1945 2186 Laudesarchives.)

963 2270 1068 2306 409.

87 2373 129 2407 K.
156 2372 296 2407 {Velm-el
323 2373 343 2407 I
350 2373 383 2409 V.
417 2385 478 2407 1·οη
502 2374 652 2408 Bahmen
679 2374 816 2419 befiehlt
844 2376 916 2408 clem
938 2374 1116 2407 Sela-amm
1148 2373 1215 2406 and
1234 2373 1423 2418 Frydnsch.
1453 2374 1612 2418 Βᾶνρρνη
1634 2386 1698 2407 ans
1719 2374 1945 2418 Kuttenbery.

88 2435 169 2467 dass
197 2436 248 2467 sie
276 2435 338 2468 den
369 2434 463 2476 Zins.
500 2435 650 2469 welchen
678 2437 729 2468 sie
757 2447 829 2468 zum
860 2434 1116 2467 lilarienaltme
1149 2435 1183 2466 in.
1212 2434 1272 2467 cler
1304 2433 1542 2468 Gallusltirclae
1571 2436 1603 2467 in
1636 2434 1727 2478 Pray
1756 2446 1796 2467 zu
1825 2434 1944 2468 leisten

85 2493 208 2537 haben,
229 2506 294 2528 nur
310 2495 383 2528 dem
401 2495 618 2528 Kremsierer
635 2495 837 2529 [fanonibus
853 2494 989 2528 ιῙοΙιαηη
1007 2493 1195 2527 εηὶι·ι”01ιΐεη
1213 2494 1330 2527 sollen.
1355 2493 1413 2528 Dt.
1436 2494 1529 2538 Pray
1547 2494 1603 2528 15.
1627 2494 1816 2528 December
1833 2494 1942 2528 1386.

309 2570 322 2583 ,

246 2570 307 2623 xx
325 2590 500 2623 enceslaus
529 2590 582 2623 dei
610 2593 724 2634 gracia
754 2590 980 2623 Romanorum
1010 2600 1072 2622 rex
1100 2599 1234 2634 semper
1262 2589 1437 2635 Augustus
1470 2595 1503 2623 et
1531 2589 1668 2623 Boemie
1706 2601 1767 2623 rex
1796 2589 1944 2623 fidelibus

86 2652 154 2683 suis
183 2649 309 2683 dilectis
339 2649 539 2683 Schramoni
574 2655 603 2683 et
643 2650 814 2684 Fridussio
853 2649 982 2683 civibus
1021 2652 1053 2682 111
1080 2648 1249 2683 Montibus
1286 2649 1424 2684 Cuthnis
1462 2653 1611 2695 graciam
1650 2661 1742 2683 suam
1781 2655 1811 2683 et
1847 2661 1944 2683 omne
