2336 3074
974 175 1041 208 371

80 281 285 324 diaconatus7
325 283 356 314 iu
394 291 457 325 quo
494 278 642 325 prefatus
681 282 872 313 caulonicus.
913 280 1088 324 religiosus
1118 279 1173 311 vel
1201 279 1344 312 clericus
1374 281 1558 324 captivatus
1589 281 1649 314 051,
1680 275 1737 310 scd
1777 278 1882 309 eciam
1912 278 1943 308 111

80 341 143 375 alio
172 341 456 376 archidiaconatu.
494 344 525 374 in
561 351 625 385 quo
655 340 736 373 tales
775 340 917 373 detineri
947 340 1032 386 (sic)
1062 343 1213 373 cessetur
1249 351 1266 372 a
1302 339 1433 375 divinis.
1473 339 1546 371 11001
1586 348 1693 371 canon
1729 335 1943 382 provincialis

79 404 187 435 statuti
226 401 332 435 felicis
371 401 619 435 recordacionis
658 400 780 433 domiui
818 400 982 434 Bernheri
1019 400 1099 433 alias
1137 399 1323 433 Bernhardi
1362 399 1605 444 archiepiscopi
1642 397 1826 441 Maguntiui
1865 399 1943 430 satis

79 462 220 508 provide
249 461 308 496 sub
338 473 423 507 pena
453 463 815 495 excommunicacionis
845 463 908 494 iam
938 461 1001 494 late
1031 463 1152 503 statuit,
1188 464 1222 493 ut
1251 463 1277 493 si
1308 460 1438 504 quando
1468 459 1607 504 spolium
1638 458 1942 492 ecclesiasticorum

79 521 242 556 bonorum
264 522 385 556 factum
407 522 504 555 fuerit
525 521 579 555 vel
599 531 776 566 personam
795 521 1057 554 ecclesiasticam
1077 523 1242 566 captivam
1260 520 1299 553 ad
1321 520 1463 564 aliquem
1486 519 1592 552 locum
1615 518 1733 551 deduci
1754 519 1943 562 contigerit.

80 593 123 615 ex
160 587 236 616 tunc
274 582 468 616 sacerdotes
506 581 570 615 hoc
604 584 747 615 50100105
786 592 851 613 nou
898 582 1075 626 expectato
1114 592 1215 626 super
1251 591 1291 614 eo
1328 583 1537 625 superisa-um
1579 579 1732 612 mandato
1776 577 1945 611 abstinere

80 641 222 676 debcant
257 654 273 676 a
313 643 444 677 divinis.
501 641 584 683 Quia
624 646 745 683 tamen⁷
783 644 866 674 sicut
911 642 987 675 sacti
1025 641 1190 675 evidentia
1228 652 1289 674 nos
1327 641 1470 675 edocuit.
1510 639 1653 673 noudum
1691 640 1788 685 plene
1828 644 1943 672 contra

80 703 273 738 eorumdem
295 702 507 749 spoliatorum
529 704 741 735 temerariam
762 701 933 735 audaciam
954 706 1004 736 051
1022 705 1207 748 provisum„
1237 704 1291 747 qui
1311 705 1426 735 contra
1450 700 1636 734 huiusmodi
1666 703 1942 733 constitucionem

80 767 252 810 exquisitis
272 762 442 797 fraudibus
472 762 586 796 facere
607 762 794 803 molientur„
825 774 941 807 verum
963 765 1037 807 quia
1067 767 1159 796 tanto
1180 765 1286 795 maior
1306 764 1367 795 erit
1396 761 1609 806 predatorum
1639 760 1790 794 confusio
1821 765 1944 805 quanto

80 827 177 861 fuerit
217 827 362 871 ipsorum
400 823 494 869 culpa
529 825 714 869 patenci0r‚
750 823 903 856 volumus
942 827 973 857 et
1001 827 1122 857 statuto
1158 825 1306 868 presenti
1344 821 1537 864 addicimus,
1577 825 1609 854 ut
1638 820 1677 854 ad
1713 832 1944 866 quemcunque

81 893 188 927 locum
209 885 367 930 deinceps
387 884 527 930 predicti
547 883 744 929 spoliatores
765 894 823 917 5011
853 886 1077 929 captivatores
1107 883 1218 916 talium
1239 894 1458 928 personarum
1488 881 1730 915 declinaverint
1758 881 1813 915 vel
1839 884 1944 914 eciam

81 950 186 994 ipsum
215 946 355 992 spolium
377 945 553 978 deductum
582 944 692 987 fuerit,
722 944 874 990 quamdiu
905 943 1024 978 ibidem
1054 946 1116 989 ipsi
1144 946 1401 989 permanserint,
1431 953 1471 976 eo
1502 945 1572 988 ipso
1603 946 1754 975 cessetur
1774 952 1791 974 a
1812 941 1943 978 divinis

81 1008 188 1041 donec
216 1009 322 1052 ipsum
351 1005 490 1051 spolium
519 1004 617 1050 plene
637 1009 669 1038 et
698 1007 828 1049 integre
858 1004 955 1038 suerit
985 1007 1169 1038 restitutum
1198 1007 1253 1037 aut
1273 1003 1313 1037 de
1329 1006 1400 1048 ipso
1421 1003 1502 1036 alias
1531 1013 1681 1046 congrue
1702 1001 1942 1035 satisfactuin.“

80 1067 206 1102 Ibidem
245 1069 350 1100 eciam
393 1070 467 1112 post
508 1068 671 1111 premissa
714 1065 866 1098 domiuus
904 1064 1075 1098 Johannes
1127 1067 1273 1098 vicarius
1311 1068 1343 1097 et
1380 1063 1532 1097 officialis
1570 1062 1738 1108 predictus
1775 1065 1945 1108 premissis

81 1127 233 1162 omnibus
263 1131 294 1160 et
322 1126 461 1171 singulis
481 1129 712 1159 auctoritatem
741 1137 834 1159 suam
856 1126 1056 1159 ordinariam
1086 1127 1281 1170 interposuit
1303 1129 1335 1158 et
1354 1124 1524 1157 decretum
1556 1123 1674 1157 volens
1695 1127 1726 1155 et
1746 1122 1944 1163 decernens7

81 1188 167 1234 quod
196 1187 384 1221 huiusmodi
420 1189 649 1232 transscripto,
686 1186 739 1219 ubi
769 1190 965 1231 oportunum
1002 1185 1111 1228 fuerit,
1150 1190 1316 1230 tamquam
1353 1184 1457 1218 literis
1493 1183 1709 1228 originalibus
1747 1194 1847 1228 super
1884 1182 1945 1215 hoc

81 1249 176 1282 editis
218 1248 299 1281 fides
340 1247 488 1293 plenaria
534 1246 742 1280 adhibeatur.
799 1246 835 1280 In
878 1258 1017 1292 quorum
1062 1249 1167 1279 eciam
1211 1247 1434 1279 testimonium
1479 1244 1622 1289 sigillum
1660 1242 1811 1277 officialis
1854 1245 1945 1276 curie

81 1308 279 1355 episcopalis
301 1307 533 1342 Olomucensis
554 1312 738 1341 memorate
768 1307 978 1353 presentibus
1008 1311 1056 1340 est
1081 1317 1275 1352 appensum.
1306 1305 1392 1339 Acta
1423 1310 1496 1339 sunt
1526 1305 1589 1338 hec
1618 1315 1717 1344 anno„
1748 1303 1944 1345 indiccione,

82 1370 146 1413 die„
175 1380 303 1412 mense,
332 1368 427 1411 hora,
456 1367 678 1414 pontificatus,
714 1368 789 1401 1000
828 1367 944 1412 quibus
982 1378 1093 1412 supra,
1132 1364 1343 1412 presentibus
1379 1365 1532 1399 discretis
1562 1367 1644 1398 viris
1682 1364 1814 1398 domino
1843 1363 1944 1397 Paulo

81 1429 222 1475 plebano
260 1428 404 1463 ecclesie
441 1431 472 1462 in
501 1427 620 1462 Duban
658 1427 821 1471 inferiori,
851 1427 1021 1461 Clemente
1060 1428 1100 1461 de
1130 1426 1313 1469 Chremsir,
1348 1425 1501 1459 Johanne
1540 1425 1579 1458 de
1608 1425 1768 1458 Harawin
1807 1423 1945 1469 publicis

81 1492 230 1533 notariis,
260 1488 413 1522 Johanne
442 1489 529 1522 dicto
557 1488 762 1523 Krakowica
799 1492 1017 1534 procuratore
1054 1489 1242 1521 consistorii
1271 1486 1503 1520 Olomucensis
1533 1485 1670 1519 testibus
1706 1488 1738 1518 in
1767 1487 1940 1530 premissa.

237 1549 279 1583 Et
307 1560 372 1594 ego
401 1549 518 1583 Petrus
547 1549 712 1595 quondam
741 1548 858 1583 Jacobi
888 1549 927 1582 de
957 1548 1141 1582 Chremisir
1171 1575 1177 1581 .
1210 1575 1216 1581 .
1249 1575 1255 1581 .
1288 1575 1294 1581 .
1325 1546 1474 1593 publicus
1506 1574 1512 1580 .
1545 1575 1550 1580 .
1583 1574 1590 1580 .
1621 1549 1768 1580 notarius
1798 1550 1860 1579 010.

393 1628 482 1662 (Orig.
507 1629 588 1662 Perg.
613 1628 639 1653 h.
664 1627 713 1662 sig
737 1628 772 1653 im
799 1628 871 1654 Olm.
897 1628 970 1661 Kap.
996 1626 1143 1660 Archive.)

965 1781 1072 1815 416.

276 1885 378 1919 Nolis:-
408 1885 492 1919 iiber
520 1886 583 1919 den
617 1885 690 1919 Tosl
718 1886 777 1919 des
809 1884 981 1918 Olnmtz-er
1011 1883 1194 1927 Bz'sclzofes
1223 1883 1335 1916 Peter.
1370 1882 1427 1916 13.
1458 1882 1617 1916 Februar
1648 1881 1757 1916 1387.

239 1963 348 2007 (XIII.
379 1962 584 2008 Februarii.)
639 1963 740 1997 Anno
776 1963 898 1996 domiui
927 1962 1101 1995 Millesimo
1131 1961 1383 1994 Trecentesimo
1414 1960 1653 2005 Octuagesimo
1689 1963 1830 2006 septimo
1866 1959 1944 1993 obiit

85 2024 236 2058 dominus
266 2024 383 2057 Petrus
412 2024 508 2057 huius
539 2023 771 2057 Olomucensis
792 2023 937 2057 ecclesie
967 2031 1142 2067 episcopus
1167 2021 1305 2064 XXVI„
1336 2024 1389 2066 qui
1409 2024 1500 2067 prius
1529 2024 1560 2054 in
1581 2020 1734 2054 Curiensi
1763 2025 1795 2054 et
1814 2019 1945 2053 Lutho-

83 2085 231 2118 mislensi
260 2084 413 2118 000105115
434 2087 610 2129 episcopus
640 2088 671 2117 et
691 2088 807 2129 postea
836 2086 869 2116 in
894 2082 1035 2116 ecelesia
1056 2081 1333 2127 archiepiscopali
1352 2081 1638 2126 Magdeburgensi
1659 2081 1942 2126 archiepiscopus.

83 2148 267 2179 novissime
304 2156 387 2179 vero
426 2145 465 2178 de
494 2143 781 2189 Mag-deburgensi
818 2143 1107 2188 archiepiscopatu
1145 2142 1321 2176 translatus
1359 2143 1398 2176 ad
1437 2143 1614 2176 ecelesiam
1653 2146 1685 2175 et
1718 2144 1942 2187 episcopatum

86 2205 356 2239 Olomucensem.
382 2205 481 2239 Dedit
501 2205 645 2238 ecclesie
666 2204 881 2238 Olomuccnsi
902 2206 1059 2236 maiorem
1081 2205 1339 2236 monstranciam
1360 2202 1458 2236 valde
1479 2205 1666 2248 preciosam
1689 2206 1720 2235 et
1740 2201 1942 2234 decoratam.

84 2266 302 2310 fundavitque
341 2270 372 2299 et
411 2265 538 2299 dotavit
575 2267 606 2298 in
635 2265 779 2299 ecclesia
809 2264 912 2297 altare
948 2268 1137 2296 sanctorum
1166 2262 1299 2306 BricciL
1329 2262 1471 2296 Materni
1509 2267 1541 2296 et
1569 2262 1699 2295 Erasmi
1737 2266 1767 2295 et
1797 2261 1886 2294 dedit
1914 2264 1943 2293 iu

85 2328 316 2359 anniversario
345 2336 405 2359 suo
443 2336 506 2359 sex
534 2336 676 2360 marcas.
712 2336 775 2370 que
804 2324 978 2357 solvuntur
1012 2323 1052 2356 de
1081 2322 1277 2356 obediencia
1312 2326 1343 2356 in
1374 2322 1569 2356 Hrubczicz.
1600 2333 1659 2367 pro
1689 2321 1834 2355 altarIsta
1869 2321 1947 2354 dicti

84 2386 209 2429 altaris,
239 2388 291 2418 cui
311 2385 578 2419 obedienciarius
607 2396 664 2418 eas
694 2384 792 2418 dabit.
824 2384 913 2417 Idem
936 2385 1041 2416 eciam
1071 2382 1223 2416 dominus
1243 2383 1360 2416 Petrus
1389 2385 1565 2428 episcopus
1595 2385 1673 2415 emit
1701 2381 1741 2415 ad
1767 2381 1944 2415 ecclesiam

86 2446 345 2480 Olomucensem
375 2450 519 2480 castrum
548 2445 735 2491 Rzepczicz
765 2456 869 2490 prope
899 2443 1107 2476 Boleslavicz
1137 2454 1211 2476 cum
1240 2442 1392 2477 omnibus
1421 2446 1488 2477 suis
1517 2445 1731 2488 pertinenciis
1752 2453 1812 2487 pro
1841 2440 1944 2474 tribus

86 2505 227 2539 millibus
256 2517 455 2539 marcarum.
510 2505 551 2538 Et
581 2510 630 2539 est
663 2505 810 2551 sepultus
849 2507 879 2537 in
909 2506 1112 2536 monasterio
1151 2506 1386 2537 canonicorum
1416 2503 1620 2547 regularium
1655 2505 1685 2535 in
1715 2501 1944 2535 Lauczkrona.

86 2566 173 2611 quod
202 2568 307 2599 eciam
338 2565 489 2599 fundavit
516 2570 549 2599 et
576 2565 782 2600 sufficienter
811 2565 946 2598 dotavit.

396 2645 468 2678 (Aus
493 2644 554 2669 dem
579 2644 674 2670 Codex
698 2645 730 2669 E.
756 2644 779 2668 I.
804 2644 843 2669 40
868 2643 905 2668 im
930 2642 1002 2668 Olm.
1028 2642 1111 2667 Metr.
1135 2644 1211 2677 Kap.
1236 2642 1382 2677 Arehive.)

1738 2699 1790 2723 47*
