2336 3074
95 316 188 347 cuius
216 316 264 347 rei
295 313 496 347 evidentiam
525 318 557 347 et
585 314 688 348 robur
717 315 904 350 habiturum
934 317 1051 351 harum
1081 321 1270 352 testimonio
1300 320 1481 354 litterarum
1517 322 1624 366 sigilla
1654 326 1766 356 nostra
1797 323 1838 356 de
1866 328 1959 357 certa

96 378 207 407 nostra
237 376 376 407 scientia
406 374 616 420 presentibus
645 375 799 409 duximus
829 378 1059 422 appendenda.
1094 379 1214 412 Datum
1245 378 1386 413 Chrems
1416 381 1498 415 seria
1529 387 1624 416 sexta
1654 388 1729 416 ante
1758 383 1957 417 dominicam

95 432 176 466 Esto
205 433 295 470 mihi.
326 445 412 468 anno
442 435 565 468 domini
595 435 768 469 millesimo
799 441 1035 472 trecentesimo
1065 443 1296 484 octuagesimo
1327 445 1434 474 sexto.

405 513 510 547 (Kopie
535 523 585 539 3115
610 514 671 539 dem
700 515 746 539 15.
770 515 871 540 Jahrh.
896 516 931 540 im
957 517 1137 542 miilirischen
1162 518 1418 549 Laudesarchivo.)

974 644 1082 680 391.

97 744 285 789 Marquaf
297 743 410 778 ι1001011·
438 744 575 789 besielelt
604 746 665 778 {len
687 745 909 790 Bmyyras'en
940 758 1003 780 1·οη
1027 747 1149 781 Ζηαίηι
1170 748 1237 781 med
1258 748 1377 785 Frae'n„
1408 749 1463 781 die
1484 748 1679 782 Bewolmer
1701 762 1762 783 con
1785 750 1957 784 Sclmttmt

155 816 218 838 ror
247 804 336 838 aller
363 805 583 849 Anfeclelzmq
613 806 672 839 des
702 805 832 850 Dorfes
866 807 1015 840 Temm'lz
1045 820 1086 841 zet
1114 808 1288 842 schulz-en.
1322 808 1380 841 Dt.
1413 808 1534 842 Brillm
1567 809 1623 845 11,
1655 810 1755 843 Mar:-
1789 810 1894 844 1386.

247 871 417 925 Jodocus
433 892 486 925 dei
505 895 620 937 gracia
638 893 786 926 marchio
807 898 836 926 et
859 894 1010 928 dominus
1026 894 1179 928 Moravie
1201 898 1367 928 universis
1384 899 1415 929 et
1434 895 1574 940 singulis
1590 899 1694 929 nostri
1711 897 1957 931 marchionatus

91 951 244 986 Moravie
265 952 393 995 11100115,
414 955 536 986 11051115
557 952 707 986 fidelibus
736 958 767 986 et
788 954 927 989 dilectis.
948 959 1061 988 notum
1083 955 1222 988 facimus
1243 967 1302 1000 per
1322 960 1508 1000 presentes.
1540 955 1635 997 Quod
1657 957 1696 989 ad
1724 957 1955 991 vendicionem

91 1012 170 1045 ville
199 1012 370 1058 Tempniz.
401 1024 497 1057 quam
528 1016 632 1046 nostri
661 1013 780 1047 subditi
809 1014 850 1047 de
871 1014 1034 1048 Schatow
1063 1015 1103 1048 ad
1132 1020 1327 1060 perpetuam
1357 1019 1490 1050 missam
1522 1015 1640 1049 ibidem
1673 1027 1690 1049 a
1713 1017 1814 1060 judeo
1843 1022 1956 1051 nostro

92 1072 266 1106 Abraham
305 1073 346 1106 de
374 1073 538 1118 Znoyma„
577 1077 630 1118 qui
661 1085 732 1107 eam
772 1074 812 1107 ab
848 1074 909 1108 illis
947 1076 987 1108 (10
1017 1074 1185 1110 Jakubow
1221 1080 1253 1110 in
1293 1077 1442 1110 ducentis
1480 1080 1602 1110 marcis
1640 1088 1837 1121 grossorum
1874 1080 1957 1111 iuste

91 1132 239 1175 obtinuit,
268 1137 451 1167 noscuntur
479 1137 547 1167 suis
574 1137 723 1179 pecuniis
752 1146 979 1180 comparasse,
1006 1135 1161 1170 benivole
1190 1148 1390 1171 consensum
1419 1141 1569 1170 nostrum
1598 1137 1808 1183 presentibus
1828 1140 1957 1183 impar-

91 1196 189 1227 timur
218 1204 271 1236 00,
301 1196 375 1238 quia
405 1194 445 1227 ad
476 1194 597 1227 dictum
622 1194 759 1238 judeum
789 1195 917 1240 prefata
947 1196 1024 1229 villa
1054 1201 1209 1241 pretextu
1243 1197 1467 1242 predictarum
1499 1208 1686 1230 marcarum
1717 1202 1765 1230 est
1790 1197 1954 1231 devoluta.

90 1254 169 1287 Ideo
198 1253 294 1288 vobis
322 1257 354 1287 in
374 1253 525 1300 Znoyma
547 1259 577 1287 et
606 1257 636 1288 in
658 1255 765 1288 lVren
795 1255 1011 1300 burggraviis
1040 1260 1162 1291 nostris
1182 1257 1393 1302 presentibus
1422 1258 1477 1291 vel
1497 1260 1551 1303 qui
1570 1269 1630 1303 pro
1661 1263 1810 1303 tempore
1830 1258 1958 1291 fueritis

89 1317 219 1348 seriose
247 1317 448 1360 precipimus
485 1320 518 1348 01
546 1315 752 1351 mandamus.
790 1321 951 1361 quatenus
987 1317 1106 1351 dictam
1135 1318 1247 1351 villam
1277 1329 1350 1351 cum
1381 1321 1451 1352 eius
1481 1321 1696 1364 pertinenciis
1734 1322 1900 1353 universis
1938 1330 1956 1351 a

91 1374 237 1420 quolibet
273 1374 420 1415 1101111110,
456 1378 509 1420 qui
551 1378 654 1421 ipsam
698 1377 921 1422 impediverit,
960 1377 1109 1411 debeatis
1150 1389 1237 1412 nunc
1273 1383 1304 1412 et
1342 1382 1373 1412 in
1411 1383 1508 1412 antea
1546 1382 1714 1424 perpetuis
1753 1378 1956 1424 temporibus

91 1434 280 1468 defensare.
311 1435 524 1469 Presencium
546 1436 606 1469 sub
637 1441 751 1470 nostro
771 1448 919 1482 appenso
943 1437 1051 1481 sigillo
1080 1441 1269 1472 testimonio
1297 1439 1479 1472 literarum.
1510 1439 1630 1472 Datum
1652 1438 1761 1472 Brunc
1791 1439 1955 1473 dominica

90 1495 277 1530 Invocavit.
307 1507 393 1530 anno
423 1497 546 1530 domini
575 1497 749 1530 millesimo
779 1500 1015 1531 trecentesimo
1045 1502 1253 1543 octogesimo
1283 1503 1391 1533 sexto.

401 1575 532 1609 (Inserirt
563 1576 591 1599 in
622 1576 670 1601 der
699 1576 735 1600 im
767 1576 937 1601 Schattauer
969 1576 1242 1603 Gemoimlonrchive
1267 1573 1494 1614 'aufbcwalirten
1528 1578 1874 1611 Bestiittignngsurkunde
1907 1578 1956 1603 des

505 1627 542 1653 K.
568 1627 729 1653 Ladislaus.
755 1628 814 1652 ddt.
841 1629 888 1654 15.
912 1628 972 1653 <Iuli
1000 1628 1105 1662 1456.)

975 1747 1083 1782 39⁰2.

92 1847 166 1881 Der
197 1847 370 1881 Olmiltzer
399 1847 549 1892 Be'sclzof
573 1848 674 1882 Peter
708 1852 852 1882 entsetzt
887 1850 950 1883 den
980 1850 1125 1891 Pfarrer
1154 1851 1316 1885 Zde'slaus
1354 1862 1418 1885 1·οη
1454 1852 1643 1885 Tassowitz
1671 1852 1787 1885 set'ner
1815 1851 1953 1895 Pfarre.

732 1909 790 1943 Dr.
823 1910 940 1943 Mirm!
972 1910 1029 1944 13.
1061 1911 1166 1956 April
1195 1910 1305 1945 1386.

254 1975 300 2028 111
329 1998 462 2029 nomine
493 1996 615 2029 domini
644 2008 752 2030 amen.
783 1997 913 2031 Pridem
950 1997 1198 2032 venerabilibus
1236 2003 1267 2032 et
1305 1999 1473 2043 religiosis
1502 2002 1584 2033 viris
1623 1999 1763 2033 dominis
1791 1998 1953 2032 Zacharia

90 2054 209 2088 abbate
238 2059 431 2089 monasterii
459 2056 631 2092 Lucensis.
661 2057 786 2091 ordinis
811 2057 1143 2097 premonstratensis,
1175 2057 1408 2093 Olomucensis
1437 2065 1553 2094 nostre
1582 2060 1738 2103 diocesis,
1768 2064 1882 2092 actore
1911 2070 1955 2092 ex

89 2126 154 2161 una
178 2119 211 2148 01
239 2115 342 2149 fratre
362 2115 495 2150 Sdislao
524 2117 672 2150 eiusdem
703 2121 895 2151 monasterii
924 2118 1090 2163 professm
1120 2123 1253 2153 rectore
1283 2119 1427 2153 ecclesie
1457 2125 1490 2153 et
1518 2119 1660 2165 plebano
1689 2122 1721 2153 in
1747 2119 1954 2153 Tassowicz.

89 2186 148 2208 reo
177 2175 325 2221 partibus
354 2187 398 2209 ex
426 2177 542 2220 altera,
572 2188 673 2223 super
701 2178 865 2211 nonnullis
901 2177 1099 2221 defectibus,
1138 2190 1221 2223 quos
1257 2179 1363 2213 dictus
1402 2180 1554 2214 dominus
1593 2179 1695 2213 abbas
1732 2182 1793 2224 ipsi
1823 2179 1955 2211 domino

90 2234 221 2269 Sdislao
251 2236 457 2270 asscribebat
492 2248 531 2270 ac
568 2241 673 2271 eciam
711 2249 795 2283 pena
833 2241 1036 2283 privacionis
1072 2238 1226 2272 beneficii
1262 2244 1292 2273 et
1329 2240 1473 2273 ecclesie
1508 2243 1540 2273 in
1570 2239 1765 2273 Tassowicz
1794 2238 1953 2284 predicte.

90 2298 142 2328 cui
170 2298 298 2329 incerto
328 2300 570 2342 compromisso
600 2309 664 2343 quo
693 2299 733 2332 ad
763 2299 884 2332 dictum
921 2299 1089 2332 dominum
1119 2299 1284 2333 Sdislaum
1322 2303 1354 2333 in
1391 2299 1455 2333 hoc
1484 2300 1607 2333 vallato
1643 2311 1679 2332 se
1707 2299 1894 2332 voluntarie
1924 2301 1956 2331 et

90 2360 220 2401 sponte,
249 2360 283 2389 111
311 2357 496 2401 asserebat,
526 2358 689 2401 siibmisit‚
719 2369 832 2392 0013111
862 2358 1048 2392 honorabili
1077 2362 1151 2392 viro
1182 2359 1315 2393 domino
1335 2359 1490 2393 Johanne
1510 2362 1680 2404 preposito
1701 2361 1733 2391 in
1753 2357 1954 2391 XVolframs-

90 2414 230 2449 kirchen
259 2415 394 2450 officiali
422 2422 454 2451 01
482 2421 515 2451 111
543 2418 767 2464 spiritualibus
787 2421 914 2452 vicario
940 2423 1054 2452 nostro
1083 2419 1235 2463 generali
1255 2420 1429 2464 injudicio
1451 2419 1665 2464 litigantibus
1696 2419 1781 2452 idem
1802 2418 1954 2451 dominus

91 2474 263 2509 Johannes
301 2475 453 2510 officialis
490 2482 523 2511 01
552 2481 697 2512 vicarius
735 2483 850 2513 noster
887 2478 927 2511 ad
957 2481 1151 2512 instanciam
1191 2479 1267 2513 dicti
1306 2480 1428 2513 domini
1466 2479 1594 2513 abbatis
1622 2478 1786 2524 prefatum
1816 2478 1967 2511 fratrem⁷

92 2534 257 2568 Sdislaum
287 2536 327 2570 ad
358 2537 533 2571 dicendum
562 2543 592 2571 et
623 2539 833 2583 allegandum
871 2550 1002 2577 causas,
1033 2542 1060 2572 si
1089 2550 1170 2584 quas
1210 2539 1348 2573 haberet
1384 2539 1617 2573 racionabiles.
1660 2550 1763 2583 quare
1799 2550 1859 2584 pro
1898 2549 1952 2573 eo·

91 2595 178 2639 quod
220 2600 495 2640 pronunciacioni
533 2599 736 2633 venerahilis
774 2602 837 2633 viri
879 2600 1002 2633 domini
1033 2599 1259 2633 Wenczeslai.
1303 2602 1462 2645 prepositi
1507 2601 1700 2632 monasterii
1734 2601 1766 2631 in
1805 2598 1952 2631 Chunicz

90 2654 203 2688 arbitri
234 2660 466 2702 compromissi
495 2658 646 2704 predicti,
676 2669 742 2692 non
771 2662 872 2702 stetit,
902 2670 1005 2704 penas
1035 2659 1183 2692 eiusdem
1211 2662 1442 2704 compromissi
1465 2662 1570 2704 ipsum
1592 2659 1760 2701 incidisse„
1790 2658 1952 2691 declarari
