2336 3074
990 193 1064 227 ‘247

98 299 264 331 missionis
297 298 370 330 sive
399 295 653 341 supplicacionis
688 296 839 330 cedulam
876 309 937 343 per
974 298 1138 343 quendam
1174 310 1346 333 cursorem
1385 311 1480 334 suum
1519 302 1705 345 presentari
1733 299 1822 337 fecit,
1859 310 1956 344 quam

97 368 159 391 nos
187 367 261 390 cum
291 355 399 390 dehita
428 359 616 402 recepimus
644 360 856 400 reverencia,
886 360 918 391 in
938 357 1001 392 hec
1030 358 1154 393 verba:
1188 359 1375 404 „Dignetur
1404 360 1570 394 Sanctitas
1598 359 1720 393 Vestra
1749 362 1957 393 committere

98 422 131 451 et
158 417 316 451 mandare
345 416 530 451 venerabili
559 420 631 451 viro
661 417 794 451 domino
822 417 967 452 Johanni
995 418 1172 465 Monbray,
1202 423 1288 453 sacri
1323 420 1440 465 palacii
1469 431 1643 454 causarum
1673 420 1825 463 auditori.
1854 424 1887 453 ut
1925 422 1958 453 in

98 489 197 512 causa
227 482 260 512 et
287 480 395 511 causis
424 477 485 511 sibi
514 480 700 511 commissis
728 481 814 512 inter
842 478 1008 512 dominum
1037 478 1211 513 Nicolaum
1241 479 1402 514 Czernast
1431 492 1474 514 ex
1508 485 1601 527 parte
1630 492 1694 514 una
1723 485 1754 514 et
1782 480 1956 514 Nicolaum

98 538 138 573 de
174 538 335 573 Prerovia
374 538 414 572 de
452 542 484 572 et
520 549 621 583 super
657 538 841 583 parochiali
878 539 1020 573 ecclesia
1060 542 1092 573 in
1130 541 1307 583 Araczicz‚
1352 540 1584 575 Olomucensis
1622 543 1777 583 diocesis,
1817 545 1848 575 et
1886 544 1956 574 eius

98 602 276 633 occasione
313 610 357 632 ex
385 599 500 641 altera,
539 599 659 631 dictum
696 598 869 632 Nicolaum
908 598 1070 633 Czernast
1107 599 1286 634 absolvere
1314 605 1416 646 possit
1454 607 1484 634 et
1514 601 1666 635 absolvat
1704 602 1897 647 simpliciter
1925 605 1958 634 et

97 659 137 693 ad
166 660 341 702 cautelam.
362 662 389 693 si
418 663 449 692 et
468 663 564 704 prout
585 659 718 702 dejure
746 658 882 693 fuerit⁵‘.
912 659 948 693 In
969 659 1033 693 fine
1062 661 1224 706 siquidem
1245 660 1330 694 dicte
1360 665 1601 695 commissionis
1622 674 1679 696 seu
1701 662 1957 708 supplicacionis

96 721 213 755 cedule
248 723 369 766 scripta
405 724 499 753 erant
527 719 568 753 de
602 719 664 753 alia
694 731 792 753 manu
821 724 852 753 et
890 720 982 754 litera
1011 723 1112 766 ipsius
1150 721 1278 763 cedule„
1309 724 1473 766 superiori
1510 722 1603 755 litere
1640 726 1768 768 penitus
1809 722 1957 756 dissimili

98 786 130 816 et
167 781 300 815 diversa
338 779 401 813 hec
438 779 555 823 verba⁷
594 779 769 813 videlicet:
818 780 893 825 „De
923 781 1077 814 mandato
1114 781 1236 814 domini
1275 786 1389 815 nostre
1426 793 1510 827 pape
1545 783 1653 816 audiat
1691 783 1776 816 idem
1815 783 1956 818 auditor.

97 841 249 876 absolvat
276 841 469 887 simpliciter
489 841 544 874 vel
572 840 612 874 ad
633 841 808 884 cautelam,
837 843 865 875 si
894 845 925 874 et
945 845 1041 886 prout
1070 841 1110 874 de
1126 842 1203 885 jure
1232 841 1330 875 fuerit
1351 841 1537 875 faciendum
1569 847 1598 875 et
1626 843 1788 886 justiciam
1820 842 1955 877 faciat-³.

96 902 309 936 Postmodum
337 912 421 935 vero
451 904 645 935 constitutus
675 912 788 934 coram
817 900 911 935 nobis
941 902 1104 935 discretus
1133 905 1185 935 vir
1215 902 1366 935 dominus
1395 902 1551 936 Andreas
1581 903 1620 935 de
1651 902 1800 948 Snoyma
1838 904 1956 949 prefati

97 963 220 997 domini
248 961 377 996 Nicolai
406 961 578 1003 Czernast‚
608 962 810 1007 principalis⁷
839 966 1037 1007 procurator
1066 967 1097 995 et
1125 965 1357 1008 procuratorio
1383 965 1518 996 nomine
1548 963 1707 1006 eiusdem.
1738 969 1833 1008 prout
1862 963 1957 998 nohis

97 1024 138 1057 de
172 1025 275 1069 ipsius
305 1022 429 1056 domini
465 1021 603 1056 Andree
632 1025 859 1068 procuratoris
896 1025 1147 1068 procuracionis
1176 1023 1331 1056 mandato
1359 1023 1529 1067 legittimis
1567 1022 1739 1057 constabat
1769 1028 1800 1057 et
1829 1029 1957 1058 constat

96 1084 314 1126 documentis7
345 1086 377 1116 et
404 1094 465 1128 per
493 1093 553 1116 nos
582 1085 615 1116 in
643 1093 744 1116 causa
773 1086 805 1116 et
833 1086 942 1117 causis
976 1083 1164 1117 huiusmodi
1191 1094 1286 1117 more
1314 1083 1410 1117 solito
1439 1083 1592 1117 inhibere
1620 1088 1651 1117 et
1680 1084 1794 1118 literas
1831 1084 1957 1118 inhibi-

96 1147 198 1178 torias
227 1144 267 1178 ad
295 1148 407 1189 partes
436 1142 622 1177 decernere
650 1147 683 1176 et
711 1143 899 1176 concedere
928 1143 1154 1188 dignaremur.
1195 1143 1266 1177 Nos
1295 1146 1395 1189 igitur
1423 1143 1593 1178 Johannes
1622 1144 1799 1190 Monhray.
1829 1145 1958 1178 auditor

95 1205 256 1251 prefatus,
285 1204 504 1247 attendentes,
528 1230 685 1238 ......
707 1203 793 1249 quod
822 1206 908 1238 inter
927 1208 1038 1249 partes
1068 1204 1255 1238 huiusmodi
1284 1208 1415 1239 servari
1443 1205 1541 1239 dehet
1570 1206 1741 1251 equalitas⁷
1771 1205 1958 1239 huiusmodi

95 1268 296 1312 peticionem
332 1267 452 1298 iustam
493 1264 567 1298 fore
605 1269 637 1298 et
673 1276 856 1299 consonam
897 1267 1035 1308 racioni.
1072 1265 1197 1299 idcirco
1236 1268 1433 1300 auctoritate
1475 1266 1656 1311 apostolica
1694 1266 1854 1311 predicta.
1894 1277 1956 1310 qua

95 1325 265 1370 fungimur
284 1328 317 1358 in
336 1324 399 1358 hac
418 1329 524 1370 parte,
540 1324 636 1359 vobis
657 1325 791 1359 domino
814 1353 820 1359 .
844 1353 850 1359 .
873 1324 1006 1359 officiali
1023 1329 1114 1359 curie
1130 1325 1425 1372 archiepiscopalis
1440 1326 1618 1371 Pragensis
1640 1337 1769 1360 necnon
1791 1328 1958 1359 universis

97 1391 130 1420 et
165 1385 305 1430 singulis
337 1384 504 1430 judicibus
542 1390 605 1419 tam
644 1385 820 1420 ordinariis
858 1397 956 1431 quam
991 1386 1266 1419 extraordinariis
1304 1386 1533 1432 delegatisque
1571 1398 1609 1419 ac
1656 1386 1881 1430 subdelegatis
1926 1390 1958 1419 et

97 1445 347 1492 quibuscunque
381 1448 534 1491 personis
572 1446 808 1480 ecclesiasticis
838 1451 870 1480 et
907 1446 1112 1480 secularibus
1141 1458 1180 1480 ac
1218 1446 1368 1480 omnibus
1407 1447 1478 1480 aliis
1514 1451 1544 1480 et
1574 1447 1712 1491 singulis
1746 1446 1956 1492 supradictis.

96 1507 137 1540 ad
166 1517 249 1552 quos
277 1508 446 1552 pertinere
474 1506 656 1540 dinoscitur
684 1506 884 1540 inhibuimus
914 1511 945 1540 et
973 1510 1183 1553 presencium
1213 1511 1330 1541 tenore
1359 1506 1557 1541 inhibemus.
1587 1519 1628 1540 ne
1658 1517 1757 1540 cause
1787 1511 1818 1540 et
1848 1509 1956 1540 causis

96 1578 136 1601 ac
163 1567 210 1601 liti
238 1566 426 1601 huiusmodi
453 1570 539 1601 inter
566 1567 733 1613 predictos
764 1568 930 1601 dominum
959 1567 1133 1601 Nicolaum
1164 1566 1325 1601 Czernast
1353 1572 1384 1601 et
1412 1567 1585 1601 Nicolaum
1607 1568 1646 1601 de
1675 1567 1837 1601 Prerovia
1866 1566 1956 1600 dun-

96 1632 188 1662 taxat
214 1627 423 1662 vertentibus
452 1638 566 1661 coram
594 1627 690 1662 nobis
719 1628 775 1662 vel
803 1628 884 1662 alias
913 1632 945 1662 in
974 1631 1065 1662 curia
1085 1639 1223 1663 romana
1252 1628 1472 1674 pendentibus
1501 1639 1563 1661 vos
1593 1628 1753 1661 domine.
1777 1654 1784 1660 .
1805 1626 1956 1660 officialis

95 1688 152 1722 vel
185 1688 291 1732 judex
319 1687 435 1733 aliquis
472 1688 528 1722 vel
556 1688 638 1722 alius
676 1691 874 1734 quicumque
904 1689 944 1722 ad
982 1692 1178 1723 instanciam
1206 1689 1344 1723 alicuius
1380 1692 1528 1735 parcium
1558 1688 1782 1734 predictarum
1820 1687 1876 1722 vel
1913 1697 1958 1721 ex

96 1747 207 1782 officio
242 1752 358 1782 vestro
396 1752 452 1782 aut
488 1748 649 1782 dictorum
674 1749 824 1793 judicum
860 1761 922 1783 nec
951 1750 1184 1783 alterutrarum
1218 1752 1367 1795 parcium
1397 1749 1578 1782 earundem
1616 1751 1648 1782 in
1685 1748 1819 1782 alterius
1853 1750 1957 1793 partis

94 1869 310 1915 vilipendium
351 1869 527 1914 aliquando
564 1872 730 1903 innovetis
771 1870 827 1904 vel
863 1873 1075 1916 attemptetis,
1118 1873 1255 1904 innovet
1292 1870 1346 1903 vel
1384 1873 1564 1915 attemptet.
1608 1872 1663 1902 aut-
1703 1871 1856 1902 innovari
1902 1867 1957 1901 vel

96 1932 283 1976 attemptari
311 1929 439 1963 faciatis
459 1930 514 1963 vel
542 1929 641 1963 faciat
661 1940 721 1963 seu
749 1933 947 1976 presumatis
967 1930 1021 1964 vel
1050 1935 1219 1976 presumat
1247 1941 1307 1976 per
1327 1941 1399 1964 vos.
1421 1941 1480 1975 per
1508 1941 1545 1963 se
1573 1929 1629 1963 vel
1657 1929 1755 1962 alium
1784 1940 1843 1962 seu
1873 1928 1956 1962 alios

95 1989 226 2035 publice
253 1990 310 2023 vel
338 1989 480 2033 occulte,
510 1989 636 2023 directe
664 1990 720 2024 vel
748 1991 908 2025 indirecte
938 1996 991 2025 aut
1021 1991 1101 2025 alias
1122 1991 1355 2036 quovismodo
1386 1989 1481 2031 Quod
1510 1992 1537 2023 si
1565 2001 1663 2023 secus
1691 1989 1815 2023 factum
1844 1988 1955 2031 fuerit.

95 2050 127 2083 id
155 2054 258 2084 totum
286 2061 451 2084 revocare
480 2054 513 2084 et
540 2053 572 2083 in
600 2055 720 2084 statum
748 2054 921 2096 pristinum
950 2052 1114 2085 reducere
1143 2051 1330 2085 curabimus
1355 2052 1488 2095 justicia
1518 2050 1694 2084 mediante.
1743 2049 1816 2091 Que
1845 2052 1957 2083 omnia

97 2114 129 2143 et
157 2111 287 2155 singula
307 2111 496 2157 supradicta
517 2111 613 2145 vobis
634 2111 786 2145 omnibus
815 2117 846 2145 et
866 2112 1005 2157 singulis
1034 2115 1267 2158 suprascriptis
1288 2115 1485 2147 intimamus.
1509 2113 1725 2153 insinuamus,
1746 2109 1954 2144 notificamus

96 2174 128 2204 et
157 2170 197 2204 ad
225 2176 373 2206 vestram
403 2176 435 2205 et
462 2172 635 2207 cuiuslibet
654 2176 802 2206 vestrum
823 2175 979 2206 noticiam
1000 2172 1192 2206 deducimus
1222 2176 1254 2206 et
1282 2171 1398 2205 deduci
1426 2171 1580 2204 volumus
1609 2181 1669 2216 per
1696 2175 1882 2216 presentes,
1913 2180 1955 2203 ne

96 2230 136 2264 de
164 2234 336 2276 premissis
368 2235 598 2276 ignoranciam
627 2232 769 2277 aliquam
805 2232 1007 2278 pretendere
1043 2235 1176 2278 possitis
1219 2235 1251 2266 in
1288 2231 1431 2265 futurum
1469 2242 1529 2265 seu
1567 2234 1673 2265 eciam
1713 2230 1871 2275 allegare.
1918 2229 1956 2263 In

95 2301 235 2335 quorum
264 2295 408 2326 omnium
438 2297 470 2326 et
498 2293 704 2338 singulorum
733 2292 831 2326 fidem
861 2297 892 2326 et
921 2296 1143 2327 testimonium
1179 2296 1354 2338 presentes
1382 2291 1496 2325 literas
1525 2303 1584 2325 seu
1620 2302 1761 2337 presens
1789 2289 1955 2336 publicum

96 2354 348 2386 instrumentum
377 2352 576 2397 huiusmodi7
596 2352 1009 2393 nostraminhibicionem
1030 2356 1063 2387 in
1091 2365 1127 2387 se
1148 2355 1356 2387 continentes
1384 2363 1444 2386 seu
1472 2355 1658 2394 continens⁷
1680 2362 1740 2397 per
1768 2350 1956 2384 Johannem

96 2412 222 2458 Holtey
248 2415 412 2446 notarium
440 2412 605 2459 publicum
634 2418 851 2459 nostrumque
881 2418 912 2447 et
940 2413 1127 2448 huiusmodi
1155 2424 1256 2447 cause
1276 2424 1390 2447 coram
1418 2412 1514 2446 nobis
1534 2412 1678 2446 scribam
1707 2411 1955 2456 infrascriptum

95 2471 259 2507 subscribi
296 2477 328 2506 et
355 2472 516 2518 publicari
554 2473 784 2507 mandavimus
822 2477 993 2519 nostrique
1030 2474 1128 2518 sigilli
1152 2475 1312 2518 jussimus
1341 2476 1546 2519 appensione
1585 2475 1715 2506 muniri.
1772 2472 1894 2506 Datum
1924 2474 1956 2504 et

95 2537 203 2566 actum
232 2531 340 2566 Rome
359 2536 392 2566 in
420 2533 569 2579 hospicio
589 2533 808 2568 habitacionis
827 2538 942 2568 nostre
970 2537 1032 2568 sito
1053 2537 1085 2567 in
1114 2533 1220 2578 burgo
1250 2536 1355 2567 sancti
1375 2532 1475 2576 Petri,
1497 2532 1579 2566 hora
1608 2535 1702 2578 quasi
1721 2541 1955 2578 vesperorum,

95 2591 156 2627 sub
184 2603 271 2626 anno
300 2603 318 2626 a
347 2596 517 2627 nativitate
546 2593 670 2627 domini
698 2594 870 2628 millesimo
901 2596 1136 2628 trecentesimo
1166 2596 1395 2638 octuagesimo
1425 2593 1586 2635 secundo,
1615 2592 1802 2626 indiccione
1831 2595 1954 2636 quinta,

96 2652 148 2686 die
176 2651 271 2687 Jovis
308 2657 403 2686 sexta
432 2656 555 2687 mensis
588 2653 802 2698 Novembris,
840 2654 1048 2700 pontificatus
1078 2656 1276 2688 sanctissimi
1304 2656 1336 2688 in
1374 2652 1506 2687 Christo
1535 2656 1637 2699 patris
1672 2653 1795 2687 domini
1830 2651 1955 2686 Urbani
