2336 3074
965 183 1006 217 31
1023 184 1030 217 t

67 284 162 318 sactis
206 283 388 319 absolvatis
426 290 457 319 01
496 285 624 320 absolvi
663 286 802 321 faciatis.
841 298 924 332 quos
963 292 993 321 et
1032 299 1146 322 eorum
1186 290 1365 335 quemlibet
1400 301 1460 325 nos
1499 296 1529 324 et
1568 296 1684 325 tenore
1722 294 1933 337 presencium

66 345 270 379 absolvimus
308 350 341 379 et
369 346 538 380 reddimus
567 346 747 380 absolutos.
796 346 834 380 Et
866 359 939 380 cum
979 351 1124 393 ipsorum
1155 350 1306 394 singulis.
1344 354 1398 395 qui
1427 362 1464 385 se
1494 351 1632 385 forsitan
1669 354 1717 385 sic
1746 352 1836 396 ligati
1867 362 1933 385 non

67 411 176 439 tamen
214 409 245 439 in
276 410 499 452 contemptum
536 406 680 440 clavium
710 409 947 441 immiscuerint
986 420 1022 441 se
1059 409 1190 453 diuinis,
1220 412 1484 445 misericorditer
1519 412 1718 457 dispensetis
1756 423 1795 446 30
1825 415 1931 445 eciam

65 467 274 500 interdictum
296 469 326 499 iu
357 467 512 510 ecclesia,
534 469 669 500 civitate
696 471 729 500 01
749 467 873 501 diocesi
896 468 1110 503 Olomueensi
1131 475 1163 503 et
1183 470 1434 516 quibuscunque
1463 473 1534 505 aliis
1556 472 1707 506 ecclesiis
1737 472 1935 517 collegiatis.

66 529 276 561 monasteriis
314 531 344 560 ct
373 527 454 560 locis
493 527 652 560 dictarum
683 529 826 561 civitatis
864 532 896 561 et
933 528 1076 563 diocesis
1115 530 1347 564 Olomuceusis
1383 543 1443 577 per
1471 543 1533 565 vos
1563 532 1675 566 forsan
1714 535 1856 578 positum
1892 543 1937 566 ex

65 598 165 621 causa
186 587 374 632 supradicta
405 587 523 620 tollatis
544 592 576 620 et
602 590 800 624 amoveatis.
821 588 907 633 quod
937 599 998 622 1105
1019 592 1123 623 eciam
1146 595 1262 624 tenore
1283 594 1493 636 presencium
1525 592 1666 626 tollimus
1687 597 1719 626 et
1739 603 1935 626 amovemus

66 652 98 681 et
134 647 339 692 generaliter
376 658 492 681 omnes
530 652 559 680 et
596 659 812 693 quoscunque
850 660 1041 694 111-00055115,
1077 661 1250 694 0011511135,
1286 662 1390 696 penas
1429 656 1460 685 et
1495 655 1683 686 sentencias
1719 663 1934 697 quascunque

65 711 272 742 continentes
302 719 361 754 per
390 719 452 742 vos
481 719 540 741 seu
570 719 801 754 quemcunque
831 709 927 742 alium
959 715 1074 743 vestro
1102 713 1237 744 nomine
1267 722 1310 744 ex
1339 723 1439 745 causa
1469 712 1657 757 supradicta
1695 712 1799 745 l'actas
1829 724 1934 757 usque

65 769 105 803 ad
135 771 310 802 terminum
341 768 565 814 supradictum
594 769 751 802 videlicet
780 780 797 802 a
828 769 914 803 dicto
944 770 1029 803 festo
1049 774 1230 805 nativitatis
1259 772 1382 805 domini
1411 775 1515 806 nostri
1544 772 1647 806 Jhesu
1678 772 1800 806 Christi
1830 784 1934 817 usque

65 830 105 863 ad
136 832 310 863 terminum
341 829 562 874 suspendatis,
593 840 675 873 quos
704 840 765 863 nos
796 833 901 863 eciam
932 834 1048 863 tenore
1077 834 1288 876 presencium
1319 832 1358 865 ad
1389 832 1530 865 eundem
1571 836 1745 866 terminum
1776 834 1935 866 duntaxat

65 890 297 936 suspendimus
318 890 490 935 dictosque
511 889 677 922 dominum
700 889 832 923 Petrum
854 893 1059 936 episcopum.
1081 892 1257 937 capitulum
1288 896 1321 925 et
1341 892 1465 925 clerum
1487 892 1626 925 durante
1648 893 1733 925 dicte
1761 893 1934 926 dilacionis

65 953 207 985 termino
236 951 275 983 ad
297 950 501 984 solucionem
523 950 684 983 dictarum
706 949 909 983 decimarum
939 962 999 996 per
1027 962 1090 985 vos
1110 952 1165 985 vel
1194 952 1291 986 alium
1313 963 1372 986 seu
1400 953 1482 986 alios
1512 953 1698 986 nullatenus
1728 953 1934 998 compellatis

65 1023 125 1046 seu
155 1011 307 1056 compelli
328 1010 467 1044 faciatis.
498 1010 544 1044 Ita
574 1014 696 1054 tamen,
718 1010 805 1055 quod
835 1014 862 1044 si
890 1011 1009 1056 prefati
1031 1012 1182 1045 (lominus
1202 1012 1319 1046 Petrus
1349 1015 1537 1058 episcopus,
1559 1013 1734 1058 capitulum
1765 1018 1796 1046 et
1823 1013 1935 1046 clerus

67 1077 99 1106 et
127 1071 262 1117 quilibet
300 1082 414 1105 eorum
444 1082 505 1116 pro
543 1075 613 1104 rata
643 1082 717 1104 eum
757 1074 940 1115 attingente
969 1083 1029 1117 pro
1069 1072 1163 1106 dictis
1193 1072 1330 1106 decimis
1360 1083 1425 1106 non
1464 1072 1687 1107 satisfecerint
1718 1076 1749 1106 in
1779 1076 1933 1106 termino.

66 1137 114 1166 015
144 1132 184 1166 de
222 1143 311 1165 novo
342 1135 531 1175 constituto,
567 1133 661 1177 penis
691 1136 723 1164 et
760 1134 951 1174 sentenciis5
982 1132 1099 1177 quibus
1137 1137 1234 1165 antea
1264 1138 1401 1178 propter
1438 1144 1502 1166 non
1533 1133 1737 1166 solucionem
1774 1133 1935 1166 dictarum

66 1193 268 1227 decimarum
299 1204 359 1238 per
388 1203 450 1226 vos
479 1191 667 1237 ligabantur
695 1196 749 1224 aut
779 1191 896 1236 aliquis
925 1195 1071 1238 ipsorum
1101 1192 1278 1236 ligabatur.
1309 1196 1372 1225 51111
1401 1195 1538 1235 35111011,
1559 1195 1716 1238 ipsosque
1752 1197 1783 1226 et
1813 1204 1935 1237 quem-

66 1253 144 1287 libet
173 1264 288 1287 eorum
318 1252 472 1286 volumus
502 1255 641 1297 astringi
671 1257 702 1285 et
731 1251 834 1285 relabi
864 1255 935 1297 ipso
965 1252 1053 1285 facto
1077 1264 1116 1285 ac
1146 1252 1184 1285 ad
1216 1253 1421 1286 solucionem
1452 1253 1612 1286 dictarum
1642 1253 1846 1286 decimarum
1876 1252 1936 1286 sul)

65 1315 160 1348 dictis
197 1317 291 1360 penis
320 1318 352 1347 et
380 1316 560 1347 sentenciis
596 1324 634 1346 ac
663 1312 877 1358 processibus
906 1323 966 1358 per
994 1323 1057 1346 vos
1087 1316 1118 1345 et
1155 1313 1417 1346 succollectores
1446 1317 1579 1346 vestros
1617 1316 1648 1346 in
1684 1316 1773 1358 ipsos
1802 1312 1875 1345 latis
1905 1317 1937 1346 et

64 1375 160 1409 factis
198 1379 231 1408 et
263 1374 355 1416 alias,
384 1377 482 1419 prout
520 1373 615 1407 vobis
643 1372 811 1407 videbitur
849 1377 880 1406 et
909 1372 1008 1405 fuerit
1043 1377 1276 1418 opportunum,
1314 1373 1467 1418 compelli
1505 1377 1537 1406 et
1572 1373 1676 1406 dictas
1714 1373 1860 1406 decimas
1892 1372 1932 1406 ab

64 1435 190 1469 eisdem
221 1437 312 1479 exigi
332 1445 407 1468 011111
436 1434 566 1477 effectu5
598 1434 705 1467 taliter
734 1444 796 1467 vos
817 1432 977 1466 habentes
1007 1436 1038 1466 in
1059 1436 1241 1478 premissis.
1263 1433 1350 1478 quod
1380 1433 1420 1466 de
1450 1432 1646 1466 obediencie
1673 1432 1933 1478 promptitudine

66 1499 184 1529 merito
205 1495 346 1529 valeatis
367 1495 605 1528 commendari.
627 1494 662 1528 In
686 1504 825 1539 quorum
847 1496 1070 1526 testimouium
1091 1498 1265 1538 presentes
1286 1493 1399 1526 literas
1420 1492 1491 1526 fieri
1513 1497 1545 1525 et
1574 1493 1672 1537 sigilli
1693 1495 1934 1526 camerariatus

66 1555 165 1589 oll'icii
194 1559 286 1589 curie
314 1555 498 1601 apostolice
522 1556 682 1598 jussimus
712 1556 917 1600 appensione
947 1556 1077 1586 muniri.
1121 1552 1241 1586 Datum
1270 1555 1301 1586 in
1341 1557 1451 1586 castro
1481 1552 1845 1586 Luceriecristanorum
1875 1552 1936 1587 sub

66 1627 152 1650 anno
181 1618 362 1649 nativitatis
391 1616 514 1649 domini
541 1613 850 1653 ttICCCLXXXtV‚
880 1613 1066 1646 indiccione
1086 1612 1160 1656 Vll,
1190 1613 1242 1646 die
1262 1612 1293 1645 V
1322 1615 1445 1645 mensis
1474 1612 1690 1655 Novembris,
1727 1611 1936 1658 pontificatus

65 1679 263 1711 sanctissimi
302 1679 332 1710 iu
363 1675 496 1710 Christo
533 1679 636 1721 patris
665 1680 697 1709 et
734 1675 857 1708 domini
893 1676 997 1707 nostri
1027 1673 1150 1706 domini
1177 1672 1304 1706 Urbani
1333 1673 1442 1706 divina
1472 1673 1690 1718 providencia
1728 1683 1813 1718 pape
1849 1676 1937 1713 sexti

67 1748 154 1771 anno
183 1739 336 1782 septimo.

381 1814 472 1850 (Orig.
496 1815 580 1848 Perg.
603 1814 631 1842 h,
656 1814 714 1848 sig.
739 1814 775 1838 im
801 1813 874 1839 Olm.
900 1813 976 1847 Kap.
1002 1811 1151 1845 Areliive.)

953 1957 1061 1993 339.

69 2063 145 2098 Der
168 2064 341 2097 Olme'ltzer
360 2063 513 2107 Biscleof
526 2062 608 2096 Petr
635 2061 708 2106 yz'bt
736 2063 832 2095 seiae
853 2061 1109 2104 Elim-illigatam
1139 2061 1220 2093 dass
1241 2059 1410 2093 Ne'lcolaas
1439 2070 1504 2093 1·οη
1526 2059 1679 2092 Ko'zz'san
1710 2059 1773 2091 das
1796 2058 1936 2091 Gericht

109 2126 143 2157 in
172 2124 348 2157 Katsclter
376 2124 450 2157 dem*
479 2123 560 2156 Petr
590 2133 652 2156 ron
684 2122 840 2155 Kogtetessn
873 2121 1061 2166 rerlfaetfen
1088 2121 1210 2154 lto‘mze.
1242 2120 1299 2154 Dt.
1329 2120 1445 2154 Mirau
1476 2119 1535 2153 17.
1566 2118 1759 2152 Dezember
1789 2117 1899 2151 1384.

225 2200 313 2253 Nos
342 2219 459 2252 Petrus
497 2218 549 2251 dei
587 2220 701 2262 gracia
738 2221 915 2262 episcopus
953 2216 1186 2250 olomucensis
1223 2221 1337 2249 notum
1375 2216 1514 2249 facimus
1552 2219 1669 2247 tenore
1708 2216 1931 2259 presencium,

69 2280 156 2325 quod
185 2283 326 2314 veniens
355 2279 394 2312 ad
424 2282 634 2325 presenciam
665 2280 769 2311 nostri
799 2277 962 2310 discretus
992 2280 1044 2310 vir
1071 2276 1199 2310 Mixiko
1230 2277 1270 2309 de
1299 2275 1500 2309 Kozuschan
1530 2275 1605 2307 olim
1636 2274 1737 2306 iudex
1766 2277 1881 2306 noster
1901 2275 1934 2306 in

67 2340 200 2374 Keczer
228 2339 332 2374 fidelis
362 2340 511 2382 dilectus„
542 2349 655 2372 coram
685 2337 780 2372 nobis
809 2337 940 2383 publice
969 2339 1180 2381 recognovit,
1211 2336 1296 2381 quod
1336 2335 1583 2369 deliberacione
1622 2333 1794 2379 prehabita
1834 2337 1864 2365 et
1894 2332 1935 2365 de

69 2400 208 2434 consilio
238 2403 420 2433 amicorum
450 2410 586 2433 suorum
616 2398 758 2432 honesto
788 2397 886 2431 Petro
921 2396 961 2430 de
989 2396 1163 2439 Kosteten„
1193 2396 1379 2430 conthorali
1408 2406 1466 2429 sue
1496 2393 1742 2438 heredibusque
1781 2397 1811 2425 et
1850 2404 1934 2426 suc—

69 2460 260 2495 cessoribus
289 2463 390 2506 ipsius
418 2460 574 2505 legitimis
609 2462 671 2492 rite
701 2463 732 2491 et
770 2457 1017 2491 racionabiliter
1052 2457 1200 2490 vendidit
1237 2456 1376 2490 liberum
1416 2456 1569 2488 iudicium
1608 2465 1715 2496 51111111,
1746 2456 1777 2486 111
1813 2453 1934 2498 oppido

69 2526 185 2555 nostro
214 2520 345 2554 Keczer
373 2523 483 2563 situm,
512 2531 586 2554 cum
617 2518 769 2553 omnibus
798 2521 866 2552 suis
894 2519 1121 2564 pertinenciis,
1151 2517 1308 2551 videlicet
1337 2515 1430 2549 stuba
1460 2514 1614 2549 balneali.
1645 2518 1785 2559 quatuor
1811 2516 1935 2547 niensis

70 2593 203 2627 panum,
234 2585 375 2626 quatuor
404 2583 528 2614 mensis
557 2583 705 2614 earnium
727 2584 759 2613 et
779 2578 902 2613 officio.
924 2578 1009 2623 quod
1031 2578 1217 2622 vulgariter
1236 2575 1490 2610 schrotenrecht
1512 2575 1641 2616 dicitur,
1663 2576 1767 2607 tercio
1797 2573 1934 2607 denario

69 2644 102 2675 in
123 2641 273 2675 emendis
293 2641 484 2683 iudiciariis,
505 2652 569 2674 nec
587 2651 653 2674 non
675 2640 779 2673 altero
810 2639 918 2672 medio
939 2639 1035 2671 laneo
1065 2641 1097 2671 111
1127 2637 1203 2670 villa
1225 2636 1421 2670 Chrotent'ul
1442 2646 1514 2669 cum
1537 2637 1704 2668 universis
1734 2638 1764 2667 et
1794 2633 1934 2678 singulis
