2336 3074
972 368 1079 403 275.

147 471 221 505 Der
255 471 448 516 pabslle'clee
477 472 627 505 Auditor
655 471 792 504 Jolmmz
823 470 992 515 Monbrags
1022 471 1169 515 befielelt,
1199 472 1280 504 (lass
1310 471 1364 503 alie
1402 473 1468 514 aas
1492 471 1553 503 dete
1585 470 1693 503 Slreit
1732 469 1898 503 εει-(501163

147 532 313 565 Nicolaas
359 523 507 565 Cer—mast
556 532 622 564 med
663 531 831 564 Ne‘colaus
881 542 942 563 ron
987 531 1121 564 Prerem
1167 531 1306 575 ben-esst»-
1349 532 1409 564 (ler
1451 530 1576 575 Pl'arre
1618 533 1649 564 z'n
1694 529 1899 563 Zaroscleitz

146 592 364 637 bezilgslieleeu
387 592 501 626 Aliten
530 603 593 625 ron
624 592 744 633 denen„
768 591 893 624 welche
923 593 963 623 im
986 591 1126 624 Besitze
1145 591 1324 624 derselben
1353 591 1440 624 siml.
1462 591 1633 624 entweder
1654 593 1694 623 im
1720 590 1898 634 Oriffl'tmle

275 654 359 687 oder
388 655 419 686 ἱη
449 652 690 697 ὁρμίαιώίῃίεη
720 651 942 696 Abseleril'len
973 652 1034 685 (Ier
1063 651 1254 685 remim-heu
1285 651 1395 684 Κανὰ)
1426 651 1598 695 τοιῃσῖσῃί
1629 652 1774 684 werden.

720 712 778 746 Dt.
811 712 898 745 Rom
928 712 961 746 0'.
996 712 1187 746 November
1218 711 1327 745 1382.

254 789 448 843 :lohannes
476 808 642 855 Monbray
671 810 841 852 utriusque
865 808 951 851 juris
981 807 1109 850 doctor,
1139 806 1395 840 archidiaconus
1425 806 1465 839 de
1494 805 1725 851 Norliampton
1754 809 1785 839 in
1806 806 1949 839 ecclesia

91 869 325 912 LincolmensL
356 870 478 903 domini
515 871 619 903 nostri
656 879 741 914 pape
778 868 969 913 capellanus
1009 871 1040 900 et
1077 870 1179 913 ipsius
1217 869 1304 901 sacri
1341 867 1459 912 palacii
1495 867 1666 912 apostolici
1705 877 1879 900 causarum
1919 871 1950 899 et

91 941 193 964 cause
222 941 261 963 ac
289 929 437 975 partibus
466 929 686 975 infrascriptis
725 928 766 962 ab
795 928 914 962 eodem
944 928 1077 961 domino
1114 932 1230 961 nostro
1259 938 1343 973 papa
1382 927 1511 960 auditor
1549 927 1738 972 specialiter
1776 927 1950 972 deputatus

90 990 276 1025 venerabili
318 993 392 1025 viro
435 990 568 1024 domino
600 1017 606 1023 .
639 1018 645 1023 .
685 988 818 1023 officiali
867 991 958 1022 curie
995 987 1290 1032 archiepiscopalis
1326 987 1506 1032 Pragensis
1544 998 1674 1020 necnon
1713 990 1880 1020 universis
1919 991 1949 1019 et

90 1052 228 1096 singulis
259 1051 399 1085 dominis
427 1078 433 1084 .
457 1078 464 1085 .
495 1049 679 1092 abbatibus,
709 1049 887 1095 prioribus7
916 1050 1105 1094 prepositis
1137 1047 1393 1091 archidiaconis,
1423 1047 1571 1090 decanis,
1601 1047 1803 1082 cantoribus.
1833 1047 1948 1081 scola—

90 1115 192 1155 sticis,
228 1111 459 1153 thezaurariis‚
489 1111 707 1145 ecclesiarum
743 1114 808 1143 tam
845 1109 1173 1155 metropolitanarum
1212 1119 1309 1153 quam
1348 1108 1601 1152 collegiatarum
1641 1113 1672 1141 et
1710 1108 1947 1141 cathedralium

91 1175 261 1206 canonicis
289 1171 596 1217 parochialiumque
625 1171 845 1205 ecclesiarum
874 1169 1060 1204 rectoribus
1090 1174 1121 1202 et
1157 1169 1306 1214 plebanis
1344 1180 1402 1203 seu
1441 1168 1705 1202 locatenentibus
1743 1168 1948 1201 eorumdem.

90 1236 226 1267 vicariis
266 1237 298 1266 et
334 1231 540 1266 beneficiatis
580 1234 762 1277 perpetuis,
798 1230 993 1276 presbiteris
1035 1232 1158 1263 curatis
1201 1234 1232 1263 et
1271 1240 1337 1263 non
1380 1232 1514 1273 curatis,
1557 1229 1700 1269 clericis„
1739 1231 1876 1262 notariis
1919 1233 1949 1261 et

91 1291 326 1327 tabellionibus
357 1291 496 1338 publicis
526 1294 759 1337 universisque
789 1296 821 1325 et
858 1291 996 1335 singulis
1029 1289 1196 1334 judicibus
1235 1290 1423 1333 ordinariis,
1462 1289 1749 1332 extraordinariis„
1787 1289 1949 1333 delegatis

92 1358 124 1388 et
152 1353 377 1397 subdelegatis
407 1356 439 1386 et
468 1352 539 1386 aliis
568 1354 721 1398 personis
751 1351 1013 1396 quibuscumque
1041 1361 1102 1395 per
1130 1353 1282 1384 civitates
1312 1355 1343 1383 et
1372 1351 1525 1384 dioceses
1554 1349 1772 1394 Pragensem,
1803 1348 1949 1382 Olomu-

91 1425 226 1448 censem
256 1418 288 1447 et
316 1413 633 1447 Wratislavienscm
662 1424 701 1446 ac
730 1412 811 1446 alias
840 1411 975 1445 ubilibet
1004 1414 1188 1445 constitutis
1217 1416 1249 1445 et
1278 1422 1393 1445 eorum
1420 1410 1553 1444 cuilibet
1581 1409 1828 1446 insolidum.’ad
1851 1420 1947 1455 quem

90 1475 147 1510 vel
175 1475 213 1508 ad
244 1485 327 1520 quos
355 1477 529 1520 presentes
558 1478 673 1507 nostre
702 1473 796 1507 litere
825 1475 1043 1518 pervenerint
1062 1471 1201 1505 salutem
1222 1474 1254 1505 in
1275 1471 1408 1505 domino
1429 1473 1665 1516 sempiternam
1687 1475 1718 1504 et
1738 1469 1949 1516 presentibus

91 1534 257 1569 indubiam
287 1533 384 1567 fidem
414 1533 587 1577 adhibere,
617 1536 806 1578 nostrisque
836 1532 997 1566 mandatis
1027 1543 1106 1578 ymo
1134 1535 1249 1566 verius
1286 1532 1477 1577 apostolicis
1516 1530 1653 1564 firmiter
1691 1530 1838 1564 obedire.
1896 1529 1948 1563 Ex

91 1600 186 1642 parte
214 1597 414 1629 sanctissimi
442 1597 475 1627 in
504 1592 636 1628 Christo
665 1596 768 1639 patris
797 1598 829 1627 et
849 1593 972 1627 domini
1002 1595 1105 1626 nostri
1126 1592 1249 1625 domini
1269 1591 1394 1626 Urbani
1415 1591 1526 1625 divina
1547 1591 1764 1636 providencia
1784 1602 1869 1636 pape
1890 1589 1946 1623 Vl.

91 1656 213 1690 dudum
242 1655 336 1689 nobis
366 1654 541 1700 quamdam
571 1657 816 1688 commissionis
846 1665 904 1687 seu
934 1654 1189 1699 supplicacionis
1219 1652 1368 1686 cedulam
1389 1663 1449 1697 per
1479 1662 1577 1684 unum
1608 1651 1648 1685 de
1668 1651 1860 1685 cursoribus
1881 1653 1948 1684 suis

91 1720 314 1763 presentatam
344 1726 405 1748 nos
425 1726 499 1748 cum
521 1725 572 1757 ea,
594 1725 657 1759 qua
677 1714 797 1750 decuit.
819 1717 1018 1748 reverencia
1045 1716 1232 1758 recepimus
1254 1718 1416 1755 tenorem,
1439 1715 1492 1758 qui
1521 1715 1680 1757 sequitur.
1701 1715 1946 1745 continentem:

94 1776 289 1822 „Supplicat
318 1774 492 1809 Sanctitati
520 1774 644 1809 Vestre
672 1779 870 1820 procurator
899 1779 931 1808 et
959 1776 1190 1820 procuratorio
1220 1776 1354 1807 nomine
1393 1773 1527 1807 discreti
1565 1775 1628 1807 viri
1666 1773 1789 1806 domini
1817 1771 1949 1805 Nicolai

92 1836 253 1871 Czernast
280 1835 469 1882 presbiteri.
498 1838 640 1869 rectoris
668 1834 868 1880 parochialis
898 1835 1041 1868 ecclesie
1062 1837 1094 1867 in
1121 1833 1324 1867 Zarnschicz
1345 1833 1426 1867 alias
1455 1836 1486 1866 in
1515 1833 1692 1872 AraczicZ‚
1715 1832 1948 1866 Olomuceusis

92 1897 247 1939 diocesis,
277 1901 438 1942 quatenus
468 1906 601 1929 causam
632 1899 665 1929 et
693 1906 811 1929 causas
840 1895 1076 1940 appellacionis
1105 1905 1164 1928 seu
1194 1894 1456 1939 appellacionum
1478 1896 1746 1939 interpositarum
1768 1904 1784 1926 3
1806 1892 1947 1937 quadam

91 1959 262 1991 sentencia
291 1960 447 2002 pretensa
477 1955 660 1999 diffinitiva,
690 1959 723 1988 ut
753 1956 881 1998 dicitur,
910 1956 975 1989 lata
1004 1966 1064 2000 per
1092 1954 1255 1999 quendam
1287 1954 1504 1995 Jenczonem,
1525 1958 1731 1987 asserentem
1762 1964 1798 1986 se
1818 1963 1948 1998 prepo-

91 2020 188 2051 situm
217 2017 361 2050 ecclesie
389 2020 505 2050 sancte
534 2018 643 2049 crucis
671 2015 975 2053 Wratislaviensis„
1006 2018 1036 2048 in
1072 2025 1185 2057 causa⁷
1215 2026 1278 2059 que
1316 2025 1429 2048 coram
1459 2025 1499 2047 eo
1534 2016 1619 2047 verti
1658 2013 1830 2047 dicebatur
1864 2015 1949 2045 inter

92 2077 255 2122 quendam
290 2076 464 2110 Nicolaum
503 2076 543 2109 de
582 2075 753 2117 Preroviaq
792 2080 1000 2110 asserentem
1038 2086 1074 2108 se
1112 2074 1287 2120 plebanum
1327 2074 1412 2107 dicte
1452 2074 1595 2107 diocesis
1634 2078 1666 2107 et
1702 2085 1817 2107 omnes
1855 2073 1949 2107 alios.

92 2149 231 2184 quorum
259 2140 409 2179 interest,
437 2137 494 2171 vel
522 2140 576 2182 qui
606 2148 664 2171 sna
700 2139 890 2182 putaverint
918 2138 1081 2169 iuteresse
1119 2137 1339 2168 communiter
1375 2134 1431 2167 vel
1469 2134 1599 2168 divisim
1637 2138 1669 2167 et
1704 2134 1744 2167 de
1780 2138 1812 2166 et
1849 2143 1949 2178 super

91 2199 177 2233 dicta
204 2196 387 2243 parochiali
416 2197 559 2232 ecclesia
589 2202 620 2231 et
659 2199 729 2230 eius
765 2199 943 2230 occasione
981 2207 1025 2229 ex
1061 2200 1155 2241 parte
1192 2207 1257 2229 una
1295 2199 1325 2228 et
1364 2193 1529 2240 prefatum
1569 2194 1736 2227 dominum
1773 2192 1947 2226 Nicolaum

92 2259 254 2293 Czernast
281 2270 326 2292 ex
354 2257 470 2302 altera,
500 2269 564 2303 que
600 2260 754 2295 vertitur„
784 2260 958 2290 vertuntur
996 2266 1055 2289 seu
1090 2258 1177 2289 verti
1213 2259 1390 2300 sperantur
1430 2257 1514 2287 inter
1549 2253 1652 2287 dictas
1691 2257 1803 2299 partes
1838 2253 1878 2285 de
1917 2257 1948 2285 et

91 2319 192 2365 super
220 2321 391 2364 premissis
420 2323 453 2352 et
481 2329 597 2352 eorum
626 2321 805 2351 occasione
834 2327 965 2350 necnon
995 2318 1100 2349 tocius
1128 2318 1261 2360 negocii
1298 2314 1489 2360 principalis
1527 2317 1672 2347 omnium
1709 2316 1948 2359 premissorum

92 2379 189 2413 alicui
218 2379 258 2412 de
287 2378 428 2412 dominis
465 2377 670 2412 auditoribus
708 2380 813 2411 vestri
850 2379 937 2411 sacri
974 2376 1092 2421 palacii
1130 2386 1304 2409 causarum
1344 2375 1484 2407 auditori
1522 2377 1730 2407 committere
1768 2373 1949 2417 dignemini

92 2438 302 2481 audiendam,
331 2438 549 2472 decidendam
579 2442 611 2472 et
639 2438 704 2471 fine
733 2437 842 2471 debito
873 2436 1112 2470 terminandam
1143 2446 1217 2468 cum
1247 2434 1398 2468 omnibus
1428 2433 1659 2476 incidentibus,
1687 2432 1948 2477 emergentibus.

93 2497 355 2544 dependentibus
384 2503 416 2532 et
444 2501 607 2532 connexis
637 2503 668 2532 et
697 2509 770 2531 cum
800 2500 965 2542 potestate
1002 2495 1122 2529 citandi
1153 2495 1273 2528 dictum
1312 2494 1478 2528 dominum
1517 2493 1690 2527 Nicolaum
1720 2493 1760 2527 de
1789 2493 1948 2527 Prerovia

93 2563 126 2593 et
152 2557 300 2604 prefatos
329 2569 446 2592 omnes
475 2558 557 2592 alios
586 2569 645 2592 sua
675 2561 838 2591 interesse
867 2560 1019 2602 putantes
1058 2557 1277 2588 communiter
1306 2555 1361 2587 vel
1390 2554 1520 2588 divisim
1551 2557 1582 2587 in
1611 2556 1702 2587 curia
1733 2557 1765 2586 et
1794 2558 1888 2586 extra
1919 2557 1949 2586 et

93 2619 133 2652 ad
161 2621 273 2664 partes
302 2621 429 2652 tociens
459 2621 619 2664 quociens
649 2629 731 2663 opus
767 2620 839 2651 erit.
896 2615 971 2650 Non
1009 2615 1173 2658 obstantQ
1203 2614 1288 2659 quod
1323 2614 1510 2647 huiusmodi
1548 2624 1646 2647 causa
1686 2613 1725 2646 ad
1764 2613 1949 2647 Romanam

94 2682 219 2713 curiam
248 2679 395 2724 legitime
423 2689 490 2713 non
519 2681 559 2712 sit
588 2678 744 2712 devoluta
773 2689 832 2711 seu
862 2680 893 2710 in
923 2687 962 2709 ea
992 2675 1164 2709 tractanda
1194 2679 1225 2708 et
1254 2674 1433 2708 finienda.“
1490 2673 1526 2707 In
1556 2673 1620 2707 fine
1649 2685 1732 2707 vero
1762 2673 1949 2707 huiusmodi

1744 2740 1793 2765 31ἦ
