2336 3074
1008 187 1080 221 419

116 294 257 328 heredes
299 297 401 328 nostri
444 294 580 328 eosdem
628 304 743 338 regem
787 292 959 330 Bohemie.
1003 293 1137 327 fratrem
1181 297 1213 326 et
1256 292 1481 326 marchionem
1524 291 1690 334 Moravie,
1728 295 1891 336 patruum.
1935 302 1974 325 30

113 354 302 388 ,1011300οῐ11
332 355 448 388 ducem
480 354 712 388 Gorlicenscm
743 359 805 388 010.
842 365 1039 398 germanum
1077 358 1209 388 nostros
1248 358 1278 387 et
1318 365 1433 387 eorum
1472 353 1616 387 heredes
1655 364 1728 386 cum
1759 357 1824 386 tota
1863 356 1974 386 nostra

114 418 209 460 regni
230 415 402 460 Hungarie
422 418 574 461 potencia
606 415 645 448 ad
667 418 922 460 requisicioncm
946 417 1090 460 ipsorum
1112 414 1167 447 vel
1196 414 1355 447 heredum
1377 426 1491 447 eorum
1512 416 1731 459 promittimus
1752 413 1973 458 personaliter

115 480 148 509 et
175 475 362 509 tenebimur
381 476 553 509 adiuvare.
584 474 625 508 Et
645 488 663 509 e
692 478 860 509 contrario
890 475 987 508 iidem
1019 475 1121 508 frater
1140 486 1203 508 rex
1222 474 1396 517 Bohemie,
1426 479 1458 508 et
1480 474 1627 508 marchio
1647 473 1800 508 Moravie
1825 478 1973 520 patruus,

114 547 153 569 ac
181 536 353 570 Johannes
382 536 448 569 dux
478 536 683 570 Gorlicensis
717 547 898 580 germanus
936 539 1040 569 nostri
1078 540 1108 569 et
1143 535 1286 569 heredes
1321 538 1466 581 ipsorum
1497 546 1558 569 1105
1587 540 1619 569 et
1648 534 1791 568 heredes
1827 539 1972 569 nostros.

115 608 267 641 regnunn
298 599 500 642 principatus
520 608 559 630 30
589 601 694 630 terras
715 601 847 630 nostras
877 601 990 629 contra
1012 607 1128 630 omnes
1158 600 1190 629 et
1210 595 1373 641 quoslibet
1398 595 1550 629 homines
1570 599 1806 641 cuiuscumque
1837 595 1973 629 honoris

115 661 147 690 et
174 657 445 703 preheminencie
475 657 566 690 titulo
595 656 817 702 prefulgeant,
847 657 934 690 nullo
955 667 1092 702 prorsus
1122 660 1264 701 excepto
1285 660 1459 690 teneantur
1489 661 1519 689 01
1549 656 1701 690 debeant.
1732 660 1827 701 prout
1856 656 1972 689 10011115

114 722 280 763 poterunt„
316 717 457 751 fideliter
491 717 663 753 adiuvare.
702 720 921 763 expressione
957 717 1053 751 simili
1091 717 1268 750 mediante.
1326 716 1420 758 Quod
1459 719 1486 750 si
1524 721 1618 750 extra
1649 721 1753 750 metas
1790 727 1970 761 regnorum

114 782 301 812 nostrorum
322 788 517 823 processum
540 777 692 811 hostilem
723 781 837 811 contra
867 781 999 811 nostros
1029 777 1254 820 adversarios,
1284 780 1415 811 vicinos
1445 781 1477 811 et
1497 777 1646 811 00011005
1674 788 1735 811 005
1756 782 1809 810 3111
1829 777 1973 810 heredes

113 841 216 872 nostri
263 837 489 874 habuerimus.
533 842 654 871 extunc
692 849 753 872 nos
792 843 823 871 01
860 838 1004 872 heredes
1040 842 1174 872 nostros
1218 841 1278 883 ipsi
1316 849 1377 871 rex
1415 836 1576 871 Bohemie
1614 838 1717 871 frater
1755 842 1786 871 et
1824 837 1972 871 marchio

115 898 268 933 Moravie
296 903 444 944 patruus.
475 910 512 932 ac
542 898 713 931 Johannes
743 898 808 932 dux
839 897 1043 932 Gorlicensis
1072 904 1134 932 010.
1173 910 1354 944 germanus
1382 901 1487 932 nostri
1517 903 1547 932 et
1576 898 1719 932 heredes
1749 901 1893 943 ipsorum
1934 898 1973 931 ad

114 962 314 1005 peticionem
343 963 492 993 nostram
521 962 630 1003 gentis
660 970 774 993 eorum
805 962 972 1003 armigere
1001 964 1034 993 et
1062 962 1233 1004 sagittarie
1262 959 1408 993 subsidio
1446 962 1518 993 51110
1547 959 1663 992 fraude
1693 964 1723 992 et
1753 959 1840 996 (1010,
1876 963 1973 1004 prout

117 1019 232 1053 melius
268 1024 433 1065 1101010111η
470 1019 683 1052 adiuvabunt.
741 1019 775 1053 Si
805 1025 914 1053 autem
952 1024 1057 1053 metas
1094 1030 1277 1064 regnorum
1315 1024 1503 1053 nostrorum
1543 1022 1702 1065 quispiam
1740 1020 1795 1053 vel
1829 1022 1971 1065 quipiam

116 1083 324 1123 intraverint,
361 1091 434 1114 005.
471 1080 614 1113 heredes
648 1085 780 1113 nostros
815 1085 868 1113 aut
905 1092 1009 1126 regna
1044 1085 1157 1114 nostra
1196 1080 1393 1114 hostibiliter
1427 1083 1587 1117 invasuri,
1622 1085 1745 1114 extunc
1772 1080 1876 1114 frater
1912 1091 1972 1113 rex

118 1140 277 1175 Bohemie
315 1145 346 1174 et
382 1145 518 1186 patruus
557 1140 704 1174 marchio
734 1140 898 1174 Moravie.
935 1152 973 1174 30
1010 1140 1180 1174 Johannes
1218 1141 1283 1174 dux
1321 1141 1526 1175 Gorlicensis
1564 1152 1745 1186 germanus
1783 1144 1898 1175 nostri.
1942 1145 1973 1174 et

117 1202 259 1235 heredes
294 1205 454 1247 ipsorum,
505 1211 566 1234 1105
601 1205 631 1233 01
667 1200 810 1234 heredes
845 1206 989 1243 nostros„
1026 1212 1098 1234 cum
1137 1206 1204 1234 tota
1243 1212 1357 1235 eorum
1396 1212 1578 1245 regnorum
1613 1205 1644 1235 et
1673 1201 1894 1235 dominiorum
1934 1213 1972 1234 ac

116 1262 253 1296 ducatus
291 1265 443 1307 potencia
481 1261 519 1295 ad
557 1264 813 1306 requisicionem
851 1266 998 1295 nostram
1035 1266 1089 1295 301
1123 1261 1283 1295 heredum
1322 1266 1511 1295 nostrorum
1554 1265 1625 1295 sine
1670 1262 1786 1295 fraude
1830 1267 1862 1295 01-
1899 1263 1974 1296 (1010

117 1322 336 1368 personaliter
365 1326 540 1356 teneantur
569 1327 601 1356 et
629 1321 770 1355 debeant
801 1322 971 1356 adiuvare.
1002 1322 1224 1356 Promittimus
1254 1326 1359 1356 eciam
1390 1322 1453 1357 fide
1482 1334 1545 1368 qua
1575 1334 1673 1368 supra
1703 1323 1858 1368 predictis
1880 1323 1972 1356 fratri

115 1386 188 1428 regi
216 1382 378 1417 Bohemie
408 1388 439 1416 et
467 1387 584 1428 patruo
614 1382 797 1416 marchioni
816 1383 968 1417 Moravie
998 1394 1036 1416 ac
1056 1382 1199 1417 Johanni
1228 1383 1302 1417 duci
1332 1383 1519 1417 Gorlicensi
1549 1389 1612 1418 etc.
1647 1395 1808 1428 germano
1837 1387 1972 1419 nostris.

116 1443 201 1489 quod
232 1446 263 1477 in
293 1455 418 1481 casumq
450 1454 513 1489 quo
543 1443 682 1486 nobiles,
713 1443 857 1477 barones
886 1456 1066 1489 regnorum
1097 1447 1170 1478 sive
1199 1449 1364 1478 terrarum
1394 1456 1432 1478 ac
1463 1445 1600 1479 ducatus
1629 1448 1776 1491 ipsorum
1796 1446 1835 1479 ad
1866 1450 1973 1479 terras

116 1509 148 1537 et
176 1504 319 1538 dominia
350 1509 462 1537 nostra
492 1504 530 1537 ad
569 1515 630 1538 nos
659 1504 798 1538 forsitan
827 1505 996 1538 divertere
1035 1510 1066 1539 et
1104 1505 1188 1550 apud
1225 1516 1286 1539 nos
1323 1509 1528 1539 mansionem
1567 1517 1658 1539 suam
1697 1509 1770 1539 sive
1808 1506 1971 1539 domicilia

115 1564 239 1598 vellent
277 1564 456 1597 collocare.
495 1564 581 1609 quod
611 1569 734 1598 extunc
772 1565 854 1598 tales
892 1576 1101 1611 nequaquam
1130 1569 1320 1611 susscipere
1358 1577 1416 1599 seu
1451 1569 1483 1599 in
1521 1569 1631 1602 teri-is.
1668 1566 1904 1612 principatibus
1943 1572 1973 1600 et

116 1625 269 1659 dominiis
306 1628 429 1658 11051115
464 1625 589 1670 absque
626 1625 849 1671 predictorum
889 1629 979 1670 regis
1009 1626 1120 1659 fratris
1159 1631 1189 1660 et
1219 1625 1421 1660 marchionis
1450 1629 1568 1672 patrui.
1605 1639 1645 1660 ac
1673 1626 1834 1661 Joliannis
1869 1627 1972 1661 (111015.

115 1688 267 1731 germani
288 1690 476 1719 nostrorum
507 1690 538 1719 et
563 1685 722 1719 heredum
752 1689 897 1732 ipsorum
929 1697 1092 1732 expresso
1114 1690 1196 1720 scitu
1217 1687 1426 1733 heneplacito
1455 1693 1554 1733 atque
1583 1699 1750 1722 consensu
1780 1687 1973 1722 debebimus

116 1745 362 1792 quomodolibet
392 1746 589 1780 confovere.
634 1746 673 1780 Et
704 1746 767 1780 1100
796 1750 900 1792 ipsum
930 1747 1068 1793 predicti
1098 1759 1160 1781 rex
1189 1752 1220 1781 et
1249 1748 1398 1782 marchio
1427 1760 1467 1782 ac
1496 1749 1562 1782 dux
1592 1753 1623 1782 et
1652 1748 1796 1782 heredes
1825 1751 1972 1794 ipsorum

117 1819 198 1853 erga
233 1818 295 1841 nos
329 1811 360 1840 01
398 1806 542 1841 heredes
578 1812 710 1841 nostros
739 1819 839 1851 reges
869 1807 1040 1852 Hungarie
1078 1808 1192 1842 facere
1231 1808 1430 1842 tenebuntur
1464 1812 1656 1851 viceversae
1686 1814 1719 1842 ut
1747 1810 1902 1843 videlicet
1941 1813 1971 1843 in

116 1879 242 1905 casum.
272 1879 336 1913 quo
366 1868 505 1902 nobiles.
527 1867 671 1901 barones
701 1871 773 1902 sive
801 1867 877 1901 bani
897 1879 1078 1912 regnorum
1100 1873 1154 1902 aut
1183 1873 1345 1902 terrarum
1368 1875 1557 1903 nostrarum
1578 1870 1617 1903 ad
1648 1875 1754 1904 terras
1773 1875 1805 1904 et
1829 1871 1971 1904 dominia

116 1940 155 1963 30
180 1929 332 1963 ducatum
363 1932 508 1974 ipsorum
539 1928 675 1962 forsitan
710 1929 877 1962 divertere
907 1933 939 1962 et
967 1929 1051 1974 apud
1081 1932 1171 1975 ipsos
1199 1933 1406 1964 mansionem
1436 1942 1527 1964 suam
1557 1934 1630 1965 sive
1659 1931 1822 1964 domicilia
1850 1931 1972 1965 vellent

116 1990 254 2023 forsitan
289 1989 468 2032 collacare,
506 1989 592 2034 quod
629 1993 751 2022 extunc
789 1989 871 2023 tales
904 2001 1113 2035 nequaquam
1152 1996 1323 2036 suscipere
1358 2002 1417 2024 seu
1457 1994 1488 2024 in
1525 1994 1632 2029 terris,
1672 1992 1907 2037 principatibus
1941 1996 1974 2025 et

116 2051 268 2084 dominiis
297 2061 337 2084 30
366 2050 484 2083 ducatu
514 2052 658 2095 ipsorum
690 2049 815 2095 absque
844 2054 958 2084 nostro
989 2055 1020 2084 et
1048 2050 1210 2084 heredum
1239 2056 1428 2085 nostrorum
1459 2063 1576 2097 regum
1606 2052 1777 2097 Hungarie
1807 2063 1972 2098 expresso

117 2114 212 2155 scitu,
240 2110 450 2157 beneplacito
471 2115 501 2144 et
523 2120 689 2143 consensu
709 2109 849 2144 debeant
871 2111 1119 2156 quomodolibet
1139 2112 1335 2146 confovere.
1367 2112 1478 2146 Salvis
1508 2117 1617 2146 tamen
1638 2112 1972 2146 confederacionibus

118 2175 149 2205 et
176 2171 293 2205 litteris
330 2170 496 2217 prioribus
533 2174 618 2204 inter
651 2170 800 2216 prefatos
836 2171 971 2205 fratrem
1000 2171 1228 2206 Romanorum
1269 2178 1300 2207 et
1329 2173 1491 2207 Bohemie
1520 2185 1649 2219 regem,
1678 2174 1841 2207 Jodocum
1877 2185 1972 2207 11131-

116 2231 269 2265 011100010
290 2231 443 2265 Moravie
464 2236 614 2277 patruum
635 2235 768 2265 nostros
797 2236 829 2264 et
857 2243 918 2266 005
938 2232 1034 2265 5101111
1063 2238 1115 2266 3111
1137 2237 1331 2267 successive
1352 2237 1534 2279 conceptis‚
1565 2234 1681 2280 quihus
1701 2246 1762 2280 per
1781 2239 1970 2280 presentem

116 2292 216 2337 ligam
246 2296 392 2325 nostram
422 2292 574 2326 nolumus
603 2292 788 2337 aliqualiter
816 2292 984 2338 derogari.
1040 2293 1255 2327 Presencium
1294 2294 1354 2328 sub
1383 2298 1478 2339 regie
1508 2297 1688 2329 maiestatis
1716 2299 1830 2328 nostre
1863 2294 1971 2339 sigillo

118 2354 305 2386 testimonio
334 2352 528 2386 litterarum.
576 2352 694 2386 Datum
725 2352 885 2398 Sempthe
914 2353 995 2386 feria
1026 2358 1140 2399 quarta
1170 2357 1322 2400 proxima
1352 2359 1426 2400 post
1455 2354 1573 2388 festum
1603 2354 1855 2398 Penthecostes‚
1885 2366 1972 2388 anno

118 2413 239 2446 domini
268 2411 517 2447 MCCCLXXX
546 2417 679 2447 octavo.

428 2500 516 2534 (Orig.
545 2501 715 2535 Pergament
746 2501 818 2527 wohl
851 2501 979 2526 erhalten
1013 2501 1062 2526 mit
1092 2501 1154 2527 dem
1185 2511 1302 2535 grossen
1327 2502 1432 2536 kzsnigl.
1457 2502 1532 2536 Sigel
1564 2503 1636 2528 ohne
1661 2502 1832 2537 Gegensigel
1864 2504 1892 2528 in
1920 2504 1974 2529 den

532 2553 758 2579 altsta'ndisclieu
783 2553 877 2578 Akten
902 2553 950 2578 des
975 2553 1063 2580 11111111.
1089 2554 1357 2588 Laudesarchives.)
