2336 3074
349 495 498 527 Juhama.
533 493 680 536 [fisi-leof
713 504 774 524 ron
805 492 945 526 (ltuentz.
975 491 1141 525 leestimmt
1178 492 1233 524 die
1267 490 1451 534 lz'iultemfle
1485 489 1543 522 des
1575 491 1725 523 riearius
1758 493 1947 534 perpetuus
1983 490 2045 523 der
2084 489 2210 534 I'farrc

604 555 634 585 iu
671 544 785 595 s'jezd.
818 552 941 586 weh-he
971 553 1042 586 dem
1077 552 1295 585 tiresus-ferez·
1328 550 1636 594 [folle-qiullmpilel
1664 549 1875 595 [ulcorporirt
1905 551 1957 584 ist.

977 613 1031 646 Dt.
1067 613 1244 645 li'remsier
1275 612 1333 644 2³.
1364 611 1448 644 ,Ιηηῖ
1479 610 1586 644 1377.

508 689 588 742 Dei
619 713 647 741 et
679 709 860 754 apostolice
889 709 978 742 sedis
1007 711 1120 746 cincta
1152 708 1385 741 (nomm-ensis
1415 710 1592 753 episcopus
1620 707 1768 741 Joannes
1798 706 1982 741 lismoi-abili
2008 711 2040 740 ct
2060 706 2210 753 prudenti

352 773 423 803 viro
454 770 586 802 douiino
617 769 713 802 l'etro
743 769 783 802 de
812 768 956 802 Meluico
986 772 1148 802 canonico
1186 768 1330 802 ecclesie
1368 768 1545 809 colleg-iate
1584 771 1688 802 sancti
1717 767 1868 801 Mauricii
1907 770 1937 801 in
1974 767 2145 801 Cliremsir
2180 771 2212 801 et.

352 834 471 863 reetori
509 830 651 863 ecclesie
696 830 896 875 parochialis
933 833 962 863 in
1002 830 1116 867 Ucezd
1157 840 1261 874 prope
1300 828 1461 871 Gdusaw,
1499 829 1724 862 olomucensis
1763 829 1919 865 diocesis,
1954 831 2062 862 auiico
2098 833 2212 863 nostro

351 891 468 923 dilecto
498 891 636 923 salutem
669 893 698 923 in
729 902 781 924 eo.
811 893 864 935 qui
895 895 942 924 est
973 893 1117 923 ‹unniuui
1149 901 1229 923 vera
1261 889 1359 924 salus.
1403 889 1521 923 Amice
1550 892 1733 923 carissime.
1791 888 1874 930 Quia
1905 892 1989 923 sicut
2018 892 2211 923 assei-etone

351 956 461 984 vestra
493 950 673 983 delilwrata
695 954 928 991 cognovimus.
951 955 1086 996 apparet
1110 949 1216 987 vobisq
1239 950 1324 995 quod
1347 954 1542 984 reservacio
1563 951 1765 984 decimarum
1789 953 1949 984 maiorum
1972 953 2211 996 pertinencium

350 1012 387 1044 ad
419 1012 594 1045 eeclesiam
626 1011 849 1056 parochialem
881 1014 911 1044 in
943 1011 1056 1050 [ζα-7111
1087 1022 1191 1056 prope
1221 1010 1382 1049 Gdusaw„
1405 1023 1468 1057 que
1489 1011 1660 1057 prebende
1681 1015 1795 1046 vestre
1817 1010 2061 1045 Clireinsircnsi
2084 1010 2211 1056 prede-

351 1084 521 1106 cessorum
551 1077 739 1105 nostrorum
771 1075 967 1105 auctoritate
998 1075 1044 1105 sic
1077 1075 1288 1117 incorporate
1318 1077 1512 1115 noscuntur⁷
1543 1072 1630 1117 quod
1661 1071 1745 1117 apud
1764 1071 1963 1105 antedictam
1985 1071 2210 1117 parochialem

351 1134 526 1167 ecelesiam
557 1138 585 1166 et
617 1136 687 1166 eius
717 1137 911 1178 perpetuum
943 1135 1102 1166 vicarium
1134 1135 1281 1166 minores
1312 1133 1471 1166 duntaxat
1500 1133 1628 1166 decime
1657 1136 1891 1166 remanserunt
1911 1143 1954 1165 cx
1975 1134 2075 1165 certis
2097 1134 2213 1165 racio-

350 1193 510 1227 nabilibus
539 1196 647 1226 causis
677 1196 819 1226 auiunuu
851 1198 999 1227 vestrum
1029 1193 1068 1226 ad
1098 1191 1163 1227 hoc
1192 1193 1422 1227 inducentibus
1453 1194 1568 1227 melius
1598 1198 1684 1227 stent
1713 1196 1743 1227 in
1766 1192 1915 1227 :nauibus
1937 1197 1968 1226 et
1988 1192 2211 1238 disposicione

351 1257 498 1299 perpetui
529 1257 631 1287 vestri
662 1256 777 1287 vicarii
809 1254 870 1287 loei
901 1254 1051 1299 predicti.
1083 1258 1116 1287 ut
1145 1253 1186 1287 de
1216 1253 1265 1288 liis
1295 1254 1448 1300 disponat
1476 1259 1508 1287 ct
1537 1254 1667 1287 ordinet
1687 1258 1785 1300 prout
1814 1253 1940 1287 utilitati
1970 1264 2029 1287 sue
2051 1253 2211 1299 expedire

351 1314 515 1347 videbitur
544 1319 573 1347 et
604 1314 810 1347 commodius
842 1314 962 1348 valeat.
994 1313 1139 1359 quelibet
1168 1314 1275 1348 cidem
1315 1314 1497 1360 parochiali
1536 1315 1680 1349 ecclesie
1719 1313 1947 1348 incumbencia
1987 1324 2090 1347 onera
2127 1324 2212 1359 sup-

351 1380 496 1421 portare.
546 1374 582 1408 Et
624 1375 697 1408 ideo
737 1386 798 1407 una
836 1385 908 1407 eum
948 1375 1093 1408 discreto
1131 1377 1205 1409 viro
1244 1375 1377 1408 domino
1415 1375 1555 1409 Nicolao
1594 1375 1738 1410 ecclesie
1786 1374 1986 1421 parochialis
2024 1377 2056 1408 in
2094 1373 2211 1419 Ugezd

352 1440 511 1481 perpetuo
539 1438 667 1469 vicario
697 1435 737 1468 de
767 1446 932 1469 consensu
954 1439 986 1468 et
1014 1434 1099 1468 bona
1129 1435 1300 1469 voluntate
1317 1439 1487 1481 prepositi,
1518 1436 1636 1470 decani
1658 1441 1689 1470 ct
1709 1436 1841 1481 capituli
1862 1435 2028 1481 collegiati
2052 1434 2212 1469 Chremi-

352 1499 488 1529 sii-ensis
517 1499 626 1529 animo
662 1499 873 1541 concepistis.
904 1496 990 1541 quod
1030 1495 1215 1529 antedictus
1252 1496 1410 1530 Nicolaus
1440 1501 1619 1542 perpetuus
1654 1499 1801 1531 vicarius
1839 1496 1983 1530 ecclesie
2012 1495 2212 1541 parochialis

353 1557 498 1602 predicte
528 1561 557 1590 et
587 1560 635 1591 sui
665 1568 882 1590 successores
910 1557 1047 1601 legitimi
1078 1568 1195 1591 omnes
1225 1556 1371 1591 decimas
1392 1560 1536 1591 maiores
1566 1562 1598 1591 et
1618 1559 1765 1590 minores
1785 1567 1915 1590 necnon
1937 1567 2053 1590 omnes
2074 1555 2212 1599 fructus„

352 1617 578 1651 olwenciones
607 1622 636 1651 et
667 1618 821 1651 utilitates
851 1618 994 1651 ecclesie
1032 1617 1233 1663 parochialis
1271 1618 1420 1663 predicte
1457 1618 1577 1652 amodo
1616 1620 1747 1651 inantea
1787 1629 1860 1651 cnm
1896 1620 1985 1650 omni
2023 1619 2212 1661 integritate

353 1677 476 1722 absque
506 1678 702 1711 dillicultatis
732 1677 828 1711 obice
858 1682 890 1711 et
918 1678 1006 1711 nullo
1036 1683 1152 1712 vestro
1190 1678 1426 1724 impedimento
1456 1678 1608 1713 obstante
1636 1681 1812 1724 percipere
1842 1678 1985 1712 debcant
2013 1682 2046 1711 et
2073 1676 2210 1711 hahere.

353 1738 397 1771 Ita
429 1750 600 1783 expresse.
632 1738 717 1783 quod
748 1738 932 1772 antedictus
961 1738 1112 1772 dominus
1142 1738 1300 1773 Nicolaus
1328 1743 1509 1785 perpetuus
1538 1742 1684 1773 vicarius
1714 1743 1746 1772 et
1774 1749 1890 1772 omnes
1911 1749 2129 1772 successores
2149 1740 2210 1781 sui⁷

353 1802 405 1843 qui
436 1810 494 1843 pro
525 1803 672 1844 tempore
702 1799 835 1832 suerint.
865 1799 961 1833 vobis
1000 1804 1165 1845 tamquam
1202 1799 1375 1846 principali
1411 1803 1535 1833 rectori
1573 1799 1723 1833 eiusdem
1760 1798 1962 1845 parochialis
2000 1798 2144 1832 ecclesie
2181 1801 2213 1831 et

354 1858 504 1891 omnibus
534 1859 784 1892 suecessoriluis
804 1863 927 1893 vestris
956 1865 1110 1905 respectu
1141 1863 1356 1895 canonicatus
1377 1864 1410 1894 et
1429 1859 1599 1906 prebende
1616 1859 1904 1903 Chremisirensis‚
1935 1870 2017 1904 quos
2038 1858 2212 1905 possidere

355 1922 537 1952 noscimini.
576 1922 691 1956 viciati
728 1924 868 1964 quatuor
907 1931 1037 1954 marcas
1072 1932 1268 1965 grossorum
1311 1924 1539 1966 pragensium„
1584 1923 1760 1965 sexaginta
1799 1923 1939 1965 quatuor
1975 1930 2114 1964 grossos
2151 1929 2212 1965 pro

356 1990 465 2012 marca
495 1979 635 2023 qualibet
667 1980 905 2025 computandis.
936 1982 1074 2025 siugulis
1103 1985 1197 2015 annis
1226 1985 1256 2015 in
1287 1985 1436 2015 terminis
1456 1981 1687 2027 infrascriptis
1710 1981 1867 2014 videlicet
1887 1980 2060 2013 duodecim
2082 1990 2212 2013 marcas

355 2042 385 2072 in
417 2039 500 2072 sesto
531 2043 706 2072 nativitatis
737 2040 858 2073 t'bristi
889 2045 917 2073 et
950 2041 1124 2075 duodecim
1153 2045 1184 2075 in
1214 2041 1300 2075 festo
1329 2045 1434 2075 sancti
1463 2042 1601 2076 Joannis
1622 2041 1782 2087 Baptiste„
1812 2041 2048 2087 impedimento
2069 2044 2211 2082 remoto,

355 2099 479 2144 absque
509 2100 728 2133 diminucione
757 2112 830 2133 cum
861 2103 1050 2139 intem-itate
1080 2102 1187 2135 debita
1218 2105 1249 2136 in
1279 2114 1411 2136 omnem
1442 2107 1598 2136 eventum
1635 2102 1828 2148 (presertim
1859 2113 1932 2135 cum
1963 2104 1994 2134 in
2024 2100 2086 2134 liac
2115 2100 2212 2133 ordi—

354 2163 494 2193 nacione
524 2172 676 2204 magnam
707 2164 854 2201 graciam
885 2166 914 2194 ct
945 2166 1193 2207 prerogativam
1223 2163 1385 2208 grandem
1416 2163 1535 2196 factam
1566 2162 1627 2196 sibi
1656 2162 1729 2196 sore
1750 2162 1953 2207 constiterit)
1975 2161 2067 2204 darc,
2089 2172 2212 2194 mune-

355 2232 430 2254 rare
460 2225 489 2253 et
519 2221 653 2254 solvere
682 2225 850 2266 perpetuis
880 2223 999 2255 amodo
1030 2223 1232 2269 temporibus
1262 2228 1448 2257 teneantur.
1478 2223 1517 2256 Et
1546 2223 1588 2257 ob
1608 2223 1673 2256 boc
1701 2234 1764 2257 vos
1793 2223 1925 2256 domine
1955 2221 2052 2256 Petre
2069 2222 2212 2256 ecclesie

356 2281 617 2314 (diffulsit-ensis
647 2284 819 2315 canonice.
849 2287 961 2316 rector
990 2284 1133 2316 ecclesie
1169 2284 1369 2329 parochialis
1399 2287 1431 2317 in
1459 2283 1575 2329 Ugezd
1606 2283 1646 2317 ab
1676 2294 1738 2316 una
1778 2287 1810 2316 et
1838 2283 2023 2316 antedictus
2062 2283 2213 2316 dominus

355 2341 511 2374 Nicotaus
548 2346 728 2387 perpetuus
766 2345 910 2376 vicarius
949 2344 1090 2377 ecclesie
1127 2345 1325 2389 parochialis
1362 2345 1510 2390 predicte
1548 2344 1770 2390 personaliter
1807 2346 2003 2377 constitutus
2041 2346 2073 2377 in
2108 2345 2213 2377 nostri

354 2405 519 2447 presentia
550 2402 769 2447 supplicastis.
801 2408 962 2447 quatenus
992 2408 1269 2439 convencioiwm.
1292 2406 1548 2451 disposicionem
1580 2409 1610 2438 et
1632 2405 1880 2438 ordinacionem
1902 2404 2069 2450 predictas
2091 2407 2213 2437 aucto-

352 2465 447 2494 ritate
476 2466 587 2494 nostra
619 2462 784 2495 ordinaria
817 2463 1013 2507 approbare.
1045 2464 1222 2498 ratilieare.
1253 2469 1440 2499 autorizare
1471 2470 1500 2499 et
1531 2465 1731 2499 confirmare
1761 2468 1791 2498 in
1822 2465 1955 2498 domino
1985 2464 2210 2505 dignaremur.

350 2521 421 2555 Nos
452 2524 551 2565 igitur
579 2523 787 2556 attendentes
818 2526 1095 2557 couvencionem.
1126 2525 1382 2570 disposicionem
1413 2531 1444 2559 et
1473 2526 1722 2559 ordinacionem
1750 2525 1917 2571 predictas
1948 2529 2012 2557 tam
2042 2523 2212 2570 prebende

352 2581 631 2615 (hm-miserionsi
662 2594 758 2627 quam
788 2588 818 2616 et
849 2584 996 2629 predicte
1027 2585 1169 2618 ecclesie
1199 2586 1380 2631 parochiali
1423 2590 1454 2620 in
1483 2587 1599 2631 Ugezd
1630 2597 1820 2630 congruere
1856 2589 1888 2618 ct
1924 2585 1999 2618 inde
2035 2583 2212 2618 notabilem

358 2643 527 2675 utilitatem
557 2646 705 2687 utrisque
735 2643 906 2676 beneficiis
936 2648 1128 2689 provenire.
1159 2649 1241 2678 sicut
1272 2647 1312 2679 de
1342 2646 1405 2680 hoc
1426 2651 1645 2692 inquisit-ione
1675 2646 1760 2680 facta
1783 2650 1814 2679 et
1835 2645 2082 2679 deliberacione
2103 2644 2212 2677 habita

357 2707 544 2735 nostrorum
575 2714 686 2736 sumus
723 2704 945 2737 sullieiencius
985 2704 1163 2740 informati.
1202 2706 1342 2751 ideoque
1380 2711 1489 2741 animo
1528 2707 1722 2749 deliberato„
1759 2717 1840 2740 sano
1878 2709 2061 2751 sapientum
2101 2709 2214 2738 nostre
