2336 3074
1282 200 1355 235 31ss

383 311 541 343 ‹lii-tarum
584 309 732 341 villarum
764 319 821 340 sen
860 307 984 339 t'rnetus
1016 309 1116 352 ipsius
1154 318 1217 339 non
1249 305 1367 339 debent
1407 317 1468 352 per
1497 319 1533 340 se
1563 307 1616 340 vel
1646 307 1743 340 alium
1774 318 1832 340 seu
1863 306 1945 339 alios
1974 311 2027 339 ant
2067 309 2255 351 quicunque

383 372 434 403 aln
474 374 577 402 eciam
629 381 688 401 sno
729 371 862 413 proprio
909 370 1042 400 nomine
1081 367 1121 400 de
1169 370 1294 412 eampis
1333 368 1469 404 ducere,
1520 367 1648 402 tollere.
1689 370 1842 412 recipere
1889 371 1945 400 aut
1982 367 2144 411 colligere
2191 378 2255 412 quo

381 431 558 475 imminutio.
604 429 660 462 sed
693 432 794 473 ipsam
832 429 994 461 decimam
1033 430 1196 469 integram
1235 439 1294 460 seu
1331 428 1457 461 fructus
1496 428 1682 462 huiusmodi
1719 427 1840 461 delient
1876 430 2066 473 prepositis.
2104 430 2157 472 qui
2196 439 2256 473 pro

381 498 530 535 tempore
571 490 687 522 t'aerint
730 492 759 521 in
797 488 1137 524 Woll'ramsltirelien.
1169 500 1228 533 pro
1268 491 1420 534 pignore.
1459 489 1545 533 quod
1585 500 1626 521 ex
1667 500 1752 522 nune
1783 492 1830 522 eis
1861 488 1946 522 idem
1988 488 2154 534 Rupertus
2183 500 2255 532 suo3

381 562 614 584 >nect->sorani
655 554 682 581 et
715 549 858 582 ecclesie
889 561 948 582 sue
978 552 1111 582 nomine
1143 553 1172 582 in
1209 552 1277 594 ipsa
1308 549 1436 582 decima
1474 554 1502 582 et
1536 549 1695 582 l'ruetibns
1725 552 1894 583 constituit¹
1924 548 2053 583 illibatis
2092 549 2256 583 dimittere

382 617 410 644 et
444 614 581 644 intactis.
641 612 745 650 Quam
784 610 914 654 quidem
955 610 1116 643 decimam
1148 613 1311 651 integram
1348 621 1406 643 seu
1438 610 1563 643 l'ruetus
1602 610 1787 643 huiusmodi
1825 609 1944 643 debent
1985 612 2166 656 preposito,
2203 611 2256 655 qui

381 683 439 717 pro
470 676 618 716 tempore
659 670 752 703 t'uerit
794 674 823 703 in
865 670 1203 705 Wolt'ramslsirelien.
1234 670 1406 712 colligere.
1447 671 1574 704 tollere.
1606 673 1757 716 recipere
1796 675 1827 703 et
1857 671 1984 713 levare.
2014 682 2053 703 ac
2089 681 2162 704 eain
2193 681 2252 704 seu

383 734 507 765 t'rnetns
539 731 723 764 huiusmodi
760 731 798 764 ad
830 734 968 765 curiam.
999 743 1096 776 quznn
1127 734 1335 776 prepositura
1368 734 1397 763 in
1427 730 1755 764 watfralustai-elwa
1786 734 1816 764 in
1847 730 2101 765 Bieliarzowicz
2131 730 2256 764 babere

381 793 574 825 dinoscitur.
614 797 666 824 ant
713 791 800 825 alibi.
847 791 899 825 ubi
937 795 985 825 eis
1024 792 1185 837 expedire
1229 791 1406 825 videbitur.
1445 791 1569 824 (lucere
1608 795 1637 824 et
1683 803 1848 837 reponere
1886 804 1925 825 ac
1970 791 2030 826 sub
2069 794 2257 826 testimonio

382 856 549 886 triturare.
580 857 608 885 et
641 852 843 885 ‹li-trituratis
867 852 1025 885 l'ruetibus
1055 857 1178 886 tantum
1210 857 1239 885 et
1271 852 1405 887 tamdiu.
1436 863 1609 897 quousque
1635 855 1682 885 eis
1712 853 1917 886 satisfactum
1946 856 1986 886 sit
2016 853 2056 886 de
2085 852 2257 898 principali

381 913 492 946 debito
522 918 551 946 et
584 916 723 958 pecunia
745 924 808 946 non
840 913 945 946 soluta
977 925 1014 946 ae
1037 917 1141 958 penis.
1165 914 1327 959 dampnis.
1358 916 1516 958 expensis
1538 916 1568 946 in
1599 916 1762 947 interesse
1791 913 1999 957 integraliter
2027 918 2059 946 et
2079 913 2256 958 complete.

384 974 550 1007 Residnos
572 985 654 1006 vero
686 973 810 1006 l'ruetns
832 974 961 1018 prefate
991 973 1120 1007 decime
1141 977 1319 1007 universos
1350 974 1488 1019 prefatis
1509 986 1569 1020 pro
1599 979 1750 1019 tempore
1770 974 1920 1020 plebanis
1950 977 1980 1007 in
2003 973 2258 1007 Bieliarzowicz

386 1037 564 1067 restituere
595 1033 794 1067 tenelnintur
823 1046 896 1067 eum
937 1035 1067 1068 ell'eetu.
1126 1034 1252 1075 Quibus
1290 1035 1421 1080 quidem
1463 1037 1638 1068 transactis
1677 1037 1940 1080 composicione,
1971 1035 2188 1068 ordinacione
2226 1038 2259 1067 ct

383 1095 564 1128 eoncordia
595 1106 708 1127 eoram
739 1094 834 1128 nobis
864 1098 923 1129 sie.
955 1100 985 1128 111
1018 1098 1228 1140 premittitur.
1259 1107 1318 1140 per
1356 1100 1389 1128 et
1425 1098 1511 1129 inter
1550 1096 1699 1141 prelatos
1737 1095 1962 1129 Tbeodricum
2003 1099 2256 1141 procuratorem

383 1160 413 1188 et
446 1155 628 1200 Rupertum
661 1167 725 1200 quo
755 1166 854 1200 supra
885 1159 1019 1188 mimine
1050 1155 1156 1190 factis.
1187 1155 1284 1189 ambo
1324 1156 1419 1190 nobis
1458 1159 1583 1202 pariter
1621 1156 1787 1189 humiliter
1824 1156 2063 1201 supplicarunt.
2094 1159 2257 1201 quatenus

384 1216 571 1249 huiusmodi
616 1218 894 1250 transaecionem.
939 1219 1236 1261 eomposicionem.
1275 1217 1526 1250 ordinacionem
1571 1222 1603 1250 et
1646 1217 1861 1251 concordiam
1907 1220 2105 1250 auctoritaie
2143 1219 2257 1250 nostra

383 1276 549 1309 ordinaria
594 1276 773 1310 ratiticare.
810 1276 1015 1319 gratificare.
1059 1276 1247 1322 approbare
1290 1282 1323 1311 et
1364 1289 1437 1311 cum
1477 1289 1636 1323 penarum
1684 1282 1717 1311 ct
1753 1280 2000 1312 sentenciarum
2039 1279 2256 1323 apposicionc

382 1336 585 1370 eonlirmare
616 1336 842 1379 ‹lig-naronunn
888 1336 957 1369 Nos
988 1336 1105 1370 Petrus
1135 1341 1314 1384 episcopus
1336 1338 1570 1372 Olomueensis
1597 1339 1777 1384 predictus7
1799 1341 1853 1383 qui
1884 1350 1927 1372 cx
1956 1340 2059 1371 nostri
2081 1336 2257 1383 pastoralis

384 1397 485 1430 ol'lieii
516 1396 627 1430 debito
658 1397 877 1430 ecelesiarum
909 1397 1102 1431 utilitatibus
1132 1403 1164 1431 et¹
1194 1399 1345 1436 comodis
1374 1398 1580 1433 subditorum
1616 1399 1790 1433 intendere
1820 1403 1852 1433 et
1880 1402 2075 1433 necessario
2105 1402 2258 1431 tenemur

383 1457 576 1503 providere.
607 1457 875 1502 supplicaciones
905 1463 937 1492 ct
966 1461 1150 1504 peticiones
1189 1459 1376 1493 huiusmodi
1401 1461 1469 1503 juri
1499 1471 1689 1493 consonans
1719 1464 1750 1493 et
1787 1462 1913 1493 racioni
1950 1458 2124 1493 certificati
2153 1461 2255 1504 prius.

383 1518 469 1563 quod
501 1518 585 1551 dicta
618 1518 724 1551 media
756 1518 883 1551 decima
916 1519 1025 1552 utilior
1054 1519 1203 1565 plebanis
1233 1524 1265 1553 ct.
1295 1520 1440 1554 ecclesie
1475 1523 1505 1554 in
1536 1520 1792 1554 Biellarzowicz
1822 1532 1898 1554 esse
1928 1520 2123 1563 dinoscitur.
2159 1530 2255 1564 quam

383 1581 561 1624 prepositis
591 1583 620 1611 et
652 1581 862 1624 prepositure
892 1582 922 1612 in
953 1579 1283 1614 tVolframskirclien
1314 1593 1356 1614 ex
1387 1584 1496 1615 causis
1523 1585 1695 1627 premissis
1726 1586 1758 1615 et
1787 1584 1945 1627 prepositi
1966 1592 2025 1614 seu
2046 1583 2256 1626 prepositura

382 1643 412 1672 in
444 1639 774 1673 woltramstarctwn
804 1651 848 1673 ex
876 1651 915 1673 ea
946 1640 1030 1673 ultra
1060 1641 1164 1674 dictas
1195 1644 1340 1687 quinque
1370 1654 1502 1676 marcas
1531 1653 1728 1687 grossorum
1759 1654 1846 1676 anno
1876 1642 2022 1676 utilitatis
2050 1643 2163 1675 sortiri
2190 1651 2257 1674 non

383 1705 535 1746 possunt.
567 1700 798 1734 favorabiliter
827 1705 1012 1735 annuentes
1052 1705 1333 1746 transaccionem,
1364 1706 1661 1749 composicionem„
1692 1703 1943 1737 ordinacionem
1981 1707 2012 1736 ct
2041 1701 2255 1736 concordiam

385 1760 573 1794 huiusmodi
616 1760 831 1796 ratificamus.
874 1761 1114 1806 gratificamus‚
1154 1763 1378 1809 approbamus
1417 1769 1449 1797 et
1486 1776 1544 1798 eas
1583 1767 1780 1798 auctoritate
1819 1768 1931 1797 nostra
1976 1763 2142 1797 ordinarIa
2182 1773 2255 1796 cum

384 1821 670 1866 infrascriptarum
702 1833 861 1867 penarum
893 1828 924 1856 et
952 1827 1199 1857 sentenciarum
1230 1828 1446 1870 apposicione
1476 1827 1581 1859 eciam
1612 1824 1860 1858 confirmamus.
1897 1824 2114 1869 Iniungentes
2148 1823 2254 1857 eidem

383 1881 534 1927 Ruperto
563 1893 650 1915 nunc
679 1882 822 1927 plebano
852 1888 884 1917 et
912 1884 1167 1919 successoribus
1197 1889 1264 1920 suis
1294 1897 1354 1932 pro
1385 1891 1535 1931 tempore
1564 1885 1714 1931 plebanis
1743 1889 1773 1919 in
1802 1885 2057 1919 Biebarzowicz
2087 1889 2119 1918 et
2147 1886 2254 1918 eciam

383 1942 594 1987 presentibus
625 1947 820 1980 statuentes.
851 1949 1013 1989 quatenus
1044 1945 1127 1979 insra
1165 1957 1228 1980 sex
1257 1947 1450 1992 dies-diem
1490 1958 1548 1980 seu
1588 1946 1708 1981 festum
1747 1949 1852 1980 sancti
1889 1945 2064 1980 Michaelis
2101 1947 2255 1991 proxime

384 2007 559 2036 venturum
591 2007 621 2036 et
652 2004 737 2037 diem
768 2016 827 2038 sen
858 2004 977 2039 festum
1007 2009 1113 2039 sancti
1143 2006 1282 2051 Georgii
1304 2008 1423 2041 deinde
1444 2011 1597 2053 proxime
1618 2012 1810 2042 secuturum
1832 2010 1987 2040 continue
2009 2011 2040 2040 et
2065 2005 2255 2040 immediate

384 2068 564 2107 sequentes
594 2069 780 2098 memorato
811 2077 897 2099 nunc
926 2069 1109 2112 preposito.
1140 2072 1193 2100 aut
1223 2071 1276 2113 qui
1316 2080 1376 2113 pro
1415 2073 1566 2114 tempore
1604 2071 1635 2102 in
1666 2067 1996 2102 lVolframskirchen
2035 2067 2134 2101 fucrit
2172 2077 2256 2112 pre-

384 2127 522 2168 positus.
553 2124 740 2169 sepedictas
771 2129 916 2171 quinque
946 2138 1077 2161 mareas
1106 2138 1303 2173 grossorum
1334 2132 1365 2162 in
1396 2141 1639 2175 reconpensam
1670 2129 1799 2174 prefate
1820 2129 1949 2162 decime
1969 2139 2044 2161 cum
2065 2130 2256 2172 integritate

387 2184 593 2228 persolvant.
624 2196 686 2218 nec
718 2191 936 2220 memoratam
967 2190 1130 2231 integram
1162 2188 1325 2222 decimam
1355 2200 1414 2223 seu
1445 2189 1572 2223 fructus
1610 2193 1724 2235 ipsius,
1756 2193 1782 2223 si
1819 2201 1923 2234 usque
1961 2189 2000 2222 ad
2040 2199 2183 2223 messem
2223 2192 2257 2222 ut

388 2248 586 2288 premittitur
624 2249 654 2278 in
693 2246 865 2280 solucione
908 2248 1099 2293 principalis
1138 2248 1237 2282 debiti
1274 2261 1448 2295 penarum.
1488 2261 1726 2295 expensarum.
1765 2250 1983 2295 dampnorum
2021 2254 2051 2282 ct
2091 2252 2256 2283 interesse

387 2304 598 2341 neffliffentes
629 2310 659 2339 et
689 2310 820 2340 remissi
852 2307 973 2341 suerint
994 2313 1026 2341 et
1055 2320 1093 2342 ea
1123 2321 1188 2343 non
1218 2311 1457 2355 persolverint,
1480 2311 1520 2344 de
1550 2314 1688 2356 campis.
1709 2313 1794 2344 sicut
1814 2322 1913 2356 supra
1933 2311 2063 2353 dicitur,
2085 2310 2255 2355 colligant,

387 2364 509 2397 tollant>
542 2369 704 2411 recipiant
733 2372 785 2400 aut
817 2378 877 2413 per
905 2380 942 2401 se
972 2369 1026 2402 vel
1056 2370 1153 2403 alium
1184 2381 1242 2404 seu
1272 2371 1354 2404 alios
1384 2374 1489 2404 eciam
1519 2371 1636 2405 levare
1665 2375 1868 2416 presumant.
1917 2371 2078 2417 Alioquin
2113 2370 2253 2404 eundem

388 2423 570 2469 Rupertnm
601 2431 632 2459 et
661 2438 740 2461 snos
771 2431 800 2461 in
831 2428 893 2461 hac
922 2434 1016 2474 parte
1046 2441 1264 2465 successores
1300 2436 1416 2465 contra
1446 2435 1608 2477 premissa
1648 2432 1810 2466 facientes
1848 2437 1881 2466 et
1917 2443 2134 2478 quoscunque
2172 2432 2254 2465 alios

387 2494 446 2516 suo
477 2485 530 2517 vel
561 2487 697 2530 predicti
729 2488 867 2533 Ruperti
907 2494 959 2523 aut
998 2502 1233 2525 successorum
1272 2503 1407 2526 suorum
1446 2497 1478 2526 et
1515 2493 1655 2526 alioruin
1694 2504 1969 2538 quorumcunque
2007 2497 2121 2538 preter
2158 2503 2256 2538 quam

387 2548 632 2588 prepositorum
663 2550 691 2580 in
723 2548 1053 2584 Wott'ramskirchen
1084 2552 1203 2585 dictam
1235 2552 1398 2586 decimam
1427 2565 1486 2587 seu
1516 2553 1643 2587 fructus
1673 2553 1863 2587 huiusmodi
1893 2553 1932 2587 de
1953 2556 2078 2599 campis
2098 2553 2256 2598 predictis

388 2604 552 2647 tollentes.
584 2609 785 2651 recipientes
815 2613 845 2641 et
876 2610 1027 2644 levantes
1058 2617 1086 2644 et
1127 2612 1306 2657 quemlibet
1344 2625 1458 2646 eorum
1498 2625 1542 2647 ex
1577 2625 1664 2647 nunc
1701 2619 1798 2659 prout
1836 2626 1879 2647 ex
1917 2618 1993 2647 tunc
2032 2618 2064 2647 et
2100 2624 2144 2647 ex
2180 2617 2257 2646 tunc

389 2669 484 2709 prout
516 2676 557 2698 ex
588 2677 673 2699 nunc
704 2668 789 2701 dicta
819 2674 979 2704 canonica
1020 2675 1208 2706 monieione
1246 2676 1410 2718 premissa
1447 2677 1778 2708 exconnnunicamus
1814 2678 1847 2707 et
1880 2677 1912 2707 in
1952 2685 2011 2707 eos
2049 2676 2253 2708 sentenciam
