2336 3074
995 221 1064 255 511

104 338 147 361 ex
168 331 243 361 tunc
264 327 316 361 alii
338 326 402 360 duo
422 330 583 369 nostrum,
604 328 658 371 qui
677 337 737 372 per
757 329 847 372 ipsos
868 326 988 361 fratres
1009 330 1121 361 moniti
1142 327 1274 371 suerint,
1295 327 1429 373 quilibet
1450 339 1523 361 cum
1544 337 1609 361 uno
1639 327 1761 361 famulo
1781 332 1813 361 et
1833 327 1961 362 duobus

105 390 198 433 equis
227 387 312 422 idem
343 386 528 432 obstagium
559 385 758 420 tenebuntur
779 398 852 420 cum
875 387 1030 433 predictis
1059 388 1209 422 similiter
1238 388 1434 431 observare,
1464 388 1583 422 abinde
1613 388 1798 422 nullatenus
1828 390 1961 431 exituri„

105 447 212 482 donec
245 459 318 482 cum
349 447 507 494 sepefatis
537 446 693 481 fratribus
722 458 781 493 pro
811 447 967 493 predictis
996 449 1239 494 impedimentis
1268 449 1416 495 plenarie
1454 449 1708 483 concordarent.
1748 449 1784 483 In
1822 460 1961 494 quorum

105 511 328 543 testimonium
349 508 455 553 sigilla
475 512 588 542 nostra
609 510 742 553 propria
773 507 813 541 de
834 512 924 541 certa
945 513 1058 543 nostra
1087 512 1232 544 sciencia
1261 508 1470 555 presentibus
1490 514 1564 544 sunt
1585 520 1743 556 appensa,
1773 512 1961 544 testimonio

105 569 287 603 literarum.
334 568 453 602 Datum
483 567 618 602 Brunne
656 578 743 601 anno
782 567 904 602 domini
943 569 1115 604 millesimo
1155 572 1390 604 trecentesimo
1428 572 1660 615 nonagesimo,
1698 573 1729 604 in
1767 571 1819 604 die
1857 573 1962 605 sancti

105 629 244 664 Antonii
272 628 411 663 abbatis.

415 707 506 742 (Orig.
531 708 613 741 Perg.
641 707 654 732 ’ἶ
683 707 709 731 li.
734 707 791 739 Sig.
817 708 851 732 im
877 709 1001 734 Areliive
1026 709 1074 734 des
1100 709 1397 742 Augustinerklosters
1423 710 1449 734 in
1475 709 1627 739 Attin-uun,
1660 709 1742 735 Fase.
1775 710 1789 734 7
1824 718 1849 734 n.
1879 708 1962 743 5o2.)

985 854 1092 889 588.

108 956 285 996 nilminus,
326 956 476 1001 Bisclzof
506 966 571 990 ron
610 955 752 995 Olnmtz,
790 959 964 999 qestattet.
1003 958 1083 991 class
1112 957 1227 991 Renes·
1265 968 1330 990 con
1363 957 1475 990 Tura-s·
1513 957 1576 990 das
1606 956 1815 1001 Leibqedinq
1848 958 1963 991 seiner

268 1017 363 1050 Fran
392 1018 459 1061 auf
481 1016 553 1050 dem
583 1015 674 1061 Hofe
703 1018 735 1049 in
769 1016 880 1050 Taras
911 1017 1138 1052 tersehrez’be.
1170 1018 1228 1052 Dt.
1259 1017 1390 1051 Brimn.
1423 1017 1481 1051 18.
1511 1017 1644 1051 Jc'z'nner
1675 1016 1783 1053 1390.

261 1092 437 1146 Nicolaus
465 1116 528 1146 etc.
558 1117 670 1146 notum
702 1111 840 1146 facimus
870 1117 933 1146 etc.
974 1112 1068 1154 Quod
1106 1116 1301 1147 constitutus
1340 1116 1371 1147 in
1408 1115 1513 1147 nostri
1551 1116 1726 1159 presencia
1756 1112 1963 1148 Beneschius

106 1173 147 1206 de
181 1172 315 1207 Durans
352 1172 457 1207 fidelis
493 1177 608 1207 noster
642 1172 781 1207 dilectus
818 1172 858 1206 de
888 1184 1053 1206 consensu
1085 1173 1181 1207 Anne
1217 1176 1329 1207 matris
1367 1185 1439 1216 sue,
1485 1172 1644 1207 Katerine
1682 1173 1867 1208 conthorali
1904 1185 1963 1208 sue

106 1234 253 1279 legitime
282 1235 425 1279 quinque
456 1244 586 1267 marcas
614 1244 811 1278 grossorum
840 1236 1053 1279 pragensium
1084 1236 1245 1267 moravici
1275 1236 1403 1267 numeri
1440 1238 1470 1268 et
1508 1236 1699 1279 pagamenti
1734 1245 1835 1280 super
1873 1237 1964 1268 curia

107 1297 138 1328 in
167 1294 312 1337 Durans,
342 1305 440 1339 quam
470 1298 575 1328 mater
604 1305 662 1328 sua
691 1293 856 1328 antedicta
884 1293 983 1327 habet
1013 1298 1044 1327 et
1073 1298 1163 1328 tenet
1191 1296 1222 1327 in
1252 1305 1369 1327 verum
1400 1294 1600 1338 dotalicium,
1631 1306 1694 1340 que
1724 1299 1799 1328 tunc
1824 1305 1964 1340 presens

107 1354 165 1388 fuit
194 1359 226 1389 et
254 1354 293 1388 ad
323 1354 387 1389 hoc
415 1353 571 1388 benivole
609 1357 790 1397 consensite
829 1365 888 1400 pro
926 1365 1007 1388 vera
1043 1354 1131 1397 dote,
1170 1354 1256 1400 quod
1296 1355 1482 1400 vulgariter
1518 1354 1710 1401 leipgeding
1744 1359 1963 1401 nuncupatur,

107 1415 349 1449 demonstravit
377 1419 409 1448 et
436 1417 623 1460 resignavit
651 1419 682 1449 et
711 1414 858 1460 legitime
894 1414 1075 1460 deputavit,
1111 1414 1300 1460 supplicans
1337 1414 1433 1449 nobis
1470 1420 1635 1460 tamquam
1673 1418 1837 1461 superiori
1875 1415 1964 1450 feudi

108 1475 240 1510 domino
283 1474 450 1509 humiliter
491 1479 524 1509 et
565 1475 699 1518 devote‚
746 1479 908 1521 quatenus
950 1475 989 1509 ad
1031 1475 1213 1521 predictam
1257 1475 1579 1510 demonstracionem
1622 1479 1889 1521 resignacionem
1933 1481 1963 1511 et

108 1536 361 1582 deputacionem
408 1538 510 1581 ipsius
557 1535 641 1569 dotis
686 1540 835 1569 nostrum
879 1546 1078 1569 consensum
1120 1535 1280 1569 adhibere
1323 1540 1355 1570 et
1396 1536 1503 1571 eidem
1546 1536 1734 1571 huiusmodi
1776 1537 1964 1572 dotalicium

108 1595 265 1630 conferre
302 1598 501 1640 generosius
539 1595 765 1641 dignaremur.
812 1595 883 1630 Nos
918 1600 980 1629 etc.
1019 1595 1059 1629 ad
1095 1596 1278 1641 predictam
1317 1596 1427 1630 dotem
1465 1601 1528 1631 etc.
1572 1602 1721 1631 nostrum
1764 1608 1964 1632 consensum

108 1656 223 1690 damus
252 1658 376 1702 pariter
404 1654 595 1690 benivolum
625 1660 657 1690 et
685 1667 858 1690 assensum
888 1655 1015 1701 sibique
1045 1655 1165 1689 dictum
1196 1655 1383 1690 dotalicium
1414 1657 1611 1692 contulimus
1640 1663 1673 1691 ut
1707 1661 1808 1693 moris
1846 1663 1897 1692 est
1933 1663 1965 1692 et

108 1715 312 1750 conferimus
341 1727 401 1762 per
437 1721 613 1762 presentes
641 1719 733 1750 iuxta
763 1728 890 1750 morem
920 1721 951 1750 et
974 1716 1246 1750 consuetudinem
1269 1717 1470 1751 vasallorum
1491 1723 1681 1753 nostrorum
1703 1723 1734 1752 et
1755 1722 1965 1765 episcopatus

106 1779 213 1811 nostri
242 1775 487 1819 olomucensis,
524 1780 646 1812 nostris
682 1782 714 1811 et
752 1777 895 1811 ecclesie
933 1781 1046 1811 nostre
1077 1776 1308 1811 olomucensis
1342 1777 1473 1822 juribus
1509 1783 1607 1824 atque
1646 1782 1800 1813 serviciis
1832 1791 1966 1826 semper

111 1837 226 1871 salvis.
264 1837 393 1871 Dantes
422 1841 453 1871 et
488 1837 712 1871 concedentes
742 1838 849 1871 eidem
879 1836 1061 1871 Katherine
1088 1836 1263 1871 Nicolaum
1293 1842 1324 1871 et
1352 1838 1581 1872 Wernherum
1611 1839 1651 1873 de
1679 1839 1802 1873 Kirlicz
1831 1840 1964 1883 fratres,

108 1897 223 1932 fideles
251 1902 397 1940 nostros,
427 1900 460 1932 in
489 1909 591 1932 veros
620 1903 651 1932 et
679 1898 846 1943 legitimos
875 1903 1012 1941 tutores,
1043 1902 1074 1930 ut
1105 1908 1176 1931 eam
1207 1902 1360 1932 tueantur
1376 1903 1407 1932 et
1431 1898 1619 1943 gubernent
1639 1904 1754 1933 contra
1775 1899 1965 1945 quemlibet7

108 1960 162 2004 qui
190 1969 263 1992 eam
293 1957 394 1991 vellet
422 1960 454 1992 in
484 1957 637 1992 dotalicio
667 1958 833 1993 antedicto
863 1957 1108 2004 quomodolibet
1139 1958 1311 2004 impedire.
1341 1958 1460 1993 Testes
1489 1964 1564 1994 sunt
1582 1959 1704 1994 Jeniko
1724 1961 1764 1994 de
1784 1960 1964 1995 Dobroticz

104 2018 210 2063 judex
238 2021 331 2052 curie
359 2023 473 2052 nostre
504 2017 779 2062 Chremsirensis,
808 2018 966 2053 Nicolaus
996 2018 1035 2052 de
1067 2017 1188 2052 Kirlicz
1222 2023 1255 2052 et
1282 2018 1415 2053 Ulricus
1453 2019 1494 2053 de
1522 2020 1666 2054 Durans.
1706 2021 1825 2055 Datum
1854 2021 1965 2055 Brune

108 2089 195 2112 anno
225 2078 348 2112 domini
375 2076 532 2113 MOCCCO
561 2082 793 2124 nonagesimo,
822 2082 855 2113 in
884 2079 936 2113 die
964 2084 1078 2113 sancte
1107 2078 1220 2112 Prisce
1250 2082 1400 2124 virginis.

417 2157 490 2191 (Ans
517 2157 580 2183 dem
604 2157 725 2183 anesten
749 2158 1002 2192 Lehensquaterne
1025 2158 1061 2182 im
1086 2157 1237 2183 fiirsterzb.
1262 2158 1386 2184 Archive
1410 2158 1438 2183 in
1463 2159 1616 2191 Kremsier,
1640 2168 1668 2193 p.
1694 2158 1757 2191 44.)

982 2302 1088 2338 589.

111 2405 309 2440 Ladislaus.
348 2405 488 2451 Herzog
521 2417 562 2439 zu
595 2406 712 2451 Opeln.
750 2381 911 2450 eet-lmus!
939 2406 1010 2439 dem
1041 2405 1267 2450 Marltqrafen
1296 2406 1410 2440 Jodoh·
1438 2407 1492 2440 die
1521 2406 1625 2440 Stadt
1662 2408 1730 2441 und
1758 2406 1967 2451 Herrsclzaft

540 2466 764 2511 querndorf.
798 2466 854 2499 Dt.
885 2466 1108 2510 Jc'iyerndorf.
1140 2465 1198 2499 28.
1230 2465 1389 2500 Februar
1420 2466 1528 2500 1390.

270 2541 374 2594 wir
401 2560 531 2595 Ladisla
560 2573 627 2595 von
655 2566 752 2606 gotes
781 2561 914 2606 gnaden
944 2560 1092 2606 herczog
1121 2572 1161 2594 zu
1183 2560 1269 2607 Opul
1288 2573 1328 2595 zu
1342 2561 1477 2595 Wielim
1499 2573 1558 2595 zur
1579 2561 1672 2606 CuiJa
1693 2574 1734 2596 zu
1753 2562 1881 2597 Dobrin
1902 2568 1963 2597 etc.

109 2620 294 2654 Bekennen
322 2620 375 2654 fur
403 2632 464 2655 uns
492 2632 594 2655 unser
622 2621 725 2655 erben
754 2621 818 2655 und
856 2620 1078 2664 nachkomen,
1118 2621 1183 2654 und
1219 2625 1295 2655 tuen
1333 2621 1412 2655 kunt
1451 2621 1605 2656 offenlich
1644 2625 1699 2656 mit
1738 2623 1841 2657 disem
1870 2623 1966 2657 brive

110 2680 194 2714 allen
224 2680 299 2723 den,
330 2680 382 2714 die
410 2691 455 2726 yn
484 2680 588 2714 selien
618 2681 700 2715 oder
728 2681 833 2715 horen
862 2681 965 2723 lesen7
996 2680 1053 2715 das
1085 2683 1149 2715 wir
1177 2681 1251 2715 dem
1272 2680 1537 2726 hochgebornen
1557 2681 1685 2717 fursten
1706 2682 1830 2717 herren
1850 2683 1965 2717 Josten
