2336 3074
1018 212 1090 246 527

125 311 277 345 abbatem
318 312 633 357 Welegradensem,
680 317 734 360 qui
775 326 868 348 suum
911 317 1121 362 presentibus
1163 321 1268 352 eciam
1310 320 1463 365 appendit
1507 321 1648 365 sigillum
1688 324 1718 355 in
1759 325 1981 357 testimonium

125 375 269 406 omnium
292 376 540 418 premissorum.
562 374 681 407 Datum
703 377 734 408 in
755 380 958 411 monasterio
979 377 1043 411 Sar
1062 389 1148 412 anno
1169 379 1291 413 domini
1307 380 1479 413 millesimo
1497 384 1732 415 trecentesimo
1751 386 1981 428 nonagesimo.

126 435 156 466 in
186 433 407 467 translacione
436 433 523 468 beati
551 433 722 468 Benedicti
755 435 893 470 abbatis.

435 513 524 546 (orig.
551 514 630 546 l’erg.
657 515 673 537 Εἴ
700 514 724 538 li.
750 515 806 547 Siga
832 515 866 539 in.
895 517 1021 541 lirinum-i·
1044 518 1263 545 stadum-chive.)

995 670 1105 706 605.

207 769 325 803 Bokus‘
350 780 413 803 rou
448 770 676 804 Taubenstein
705 771 846 805 scleenlf!
875 773 935 806 dei·
964 773 1089 817 Pfarre
1119 776 1150 807 ῖη
1183 776 1369 810 lsrasonitz-
1399 777 1453 810 die
1482 778 1615 820 dorressqe
1644 782 1748 813 waste
1786 779 1894 813 Veste.

721 831 778 866 Dt.
814 832 1054 870 Taubenstem.
1086 834 1143 869 17.
1174 835 1249 869 Juli‘
1276 836 1384 871 1390.

314 905 327 916 ,

280 905 462 960 Νονθῐίηῑ
482 929 630 961 universi
651 932 826 972 presentes
846 928 958 961 literas
978 931 1169 974 inspecturi.
1199 930 1314 964 lecturi
1334 934 1407 965 sive
1427 933 1579 968 audituri.
1609 934 1695 978 quod
1716 946 1777 968 nos
1797 934 1980 969 Bohussius

124 988 165 1022 de
194 986 443 1021 Thaubenstein
478 998 560 1022 sano
599 992 631 1021 et
668 992 796 1021 maturo
835 988 985 1025 consilio.
1022 988 1175 1035 bonaque
1213 991 1459 1026 deliberacione
1497 993 1690 1039 prehabitis.
1729 995 1981 1029 considerantes

124 1049 270 1083 divinum
309 1048 430 1082 cultum
468 1051 500 1082 in
538 1048 681 1083 ecclesia
719 1052 823 1083 sancti
858 1049 1032 1083 Laurencii
1066 1053 1098 1083 in
1132 1051 1208 1084 villa
1245 1050 1425 1086 Crasonicz
1463 1053 1695 1088 Olomucensis
1743 1055 1886 1089 diocesis
1921 1067 1981 1101 per

125 1109 317 1154 religiosum
348 1112 456 1143 virum
485 1109 651 1143 dominum
688 1109 850 1143 Jacobuni
881 1121 940 1155 pro
970 1114 1044 1144 tunc
1082 1111 1256 1156 plebanum
1293 1113 1378 1146 dicte
1413 1114 1557 1148 ecclesie
1595 1115 1743 1159 diligenti
1781 1116 1980 1161 assiduoque

124 1171 291 1205 desiderio
320 1173 437 1216 peragi
474 1174 506 1203 et
535 1170 675 1216 expleri.
713 1173 826 1215 paucis
864 1182 995 1216 quoque
1033 1172 1250 1217 proventibus
1287 1178 1316 1207 et
1356 1175 1587 1209 emolumentis
1615 1175 1656 1209 ab
1685 1176 1801 1209 eadem
1837 1177 1979 1211 ecclesia

124 1233 284 1266 hactenus
313 1231 475 1266 refoveri.
504 1230 546 1264 ibi
575 1231 707 1264 domino
736 1230 864 1264 Jacobo
893 1231 933 1265 ad
962 1243 1038 1265 suas
1067 1243 1198 1278 preces.
1229 1233 1371 1267 ecclesie
1401 1246 1532 1280 quoque
1561 1246 1620 1268 sue
1648 1247 1707 1269 seu
1728 1236 1980 1270 successoribus

125 1293 381 1337 suisdegitimis
409 1291 452 1326 ob
471 1292 666 1326 relevamen
687 1302 820 1325 suorum
842 1291 1030 1326 defectuum
1051 1296 1267 1327 siniacionem
1288 1296 1539 1340 propugnaculi.
1569 1307 1626 1329 seu
1657 1299 1760 1342 ipsum
1782 1307 1980 1342 propugna-

122 1353 244 1388 culum.
273 1363 333 1398 pro
363 1357 439 1386 tunc
468 1352 649 1394 desertum,
678 1352 820 1385 locatum
852 1363 869 1384 a
899 1357 992 1397 parte
1020 1357 1159 1398 pomerii
1197 1357 1226 1387 in
1257 1355 1372 1388 eadem
1413 1356 1487 1389 villa
1518 1357 1709 1390 Crasoniez„
1746 1368 1818 1390 cum
1854 1358 1980 1391 fossato

123 1413 289 1448 ambiente
318 1413 393 1447 illud
423 1412 721 1458 propugnaculum.
751 1423 794 1445 ex
815 1423 953 1446 assensn
983 1418 1169 1447 nostrorum
1196 1414 1355 1448 heredum
1386 1419 1543 1453 onmium„
1572 1428 1611 1449 ac
1641 1420 1745 1450 eciam
1777 1417 1980 1451 honorabilis

122 1478 186 1509 viri
215 1474 338 1508 domini
366 1472 546 1507 Przedbori
575 1475 732 1518 prepositi
763 1476 954 1506 monasterii
992 1473 1088 1507 beate
1116 1473 1221 1508 Marie
1250 1478 1389 1520 virginis
1428 1479 1458 1509 in
1490 1476 1622 1510 Reusch
1661 1478 1785 1511 ordinis
1815 1489 1975 1523 premon-

122 1538 295 1570 stratensis
326 1534 558 1569 Olomucensis
586 1534 730 1569 diocesis
759 1545 924 1568 consensu
954 1534 1069 1568 damus
1097 1535 1300 1569 conferimus
1329 1548 1410 1582 pure
1443 1542 1578 1582 propter
1607 1538 1702 1571 deum
1733 1541 1978 1583 inperpetuum

123 1595 309 1630 habendum
340 1595 516 1629 tenendum
554 1599 586 1628 et
621 1595 869 1641 possidendum.
908 1598 1026 1639 quovis
1056 1596 1289 1640 impedimento
1329 1597 1493 1630 revoluto.
1530 1608 1589 1642 per
1623 1597 1788 1631 dominum
1818 1598 1978 1632 Jacobum

122 1655 297 1702 plebanum
333 1655 496 1701 prefatum
533 1666 678 1701 suosque
715 1655 882 1700 legitimos
920 1666 1148 1689 successores.
1184 1667 1257 1689 cum
1295 1656 1392 1701 pleno
1430 1658 1574 1691 dominio
1613 1661 1714 1703 ipsius
1754 1659 1978 1692 tantummodo

121 1717 361 1763 propugnaculi
390 1728 464 1750 cum
494 1716 632 1759 fossato,
662 1728 736 1750 cum
765 1716 860 1751 nobis
890 1720 1077 1761 nostrisque
1105 1716 1401 1761 predecessoribus
1430 1720 1500 1750 iure
1530 1717 1731 1751 hereditario
1757 1718 1977 1764 competebat.

122 1778 163 1811 de
192 1777 310 1811 eodem
332 1777 584 1823 propugnaculo
613 1781 645 1810 et
674 1776 800 1811 fossato
821 1777 927 1811 eidem
949 1777 1095 1822 plenarie
1125 1776 1445 1811 condescendentes.
1475 1778 1652 1811 dominium
1685 1783 1748 1811 tam
1770 1779 1847 1812 ville
1877 1783 1978 1825 ipsuis

123 1837 397 1872 Crasoniczensis
426 1840 603 1871 tuicionem
632 1837 763 1882 plebani
792 1843 822 1871 et
843 1848 1075 1871 successorum
1106 1838 1177 1880 ejus
1207 1836 1312 1873 nohis,
1343 1837 1521 1871 heredibus
1550 1841 1683 1873 nostris.
1714 1838 1833 1872 ibidem
1859 1851 1977 1873 reser-

123 1903 254 1932 vantes.
311 1898 533 1931 Promittimus
570 1901 704 1943 insuper
743 1897 883 1932 fideliter
917 1898 1002 1931 bona
1038 1901 1151 1930 nostra
1189 1896 1252 1930 fide
1288 1900 1418 1931 sincere
1452 1901 1524 1931 sine
1562 1898 1637 1931 dolo
1672 1899 1791 1932 dictam
1830 1904 1976 1933 nostram

122 1959 340 1993 donacionem
370 1961 546 2004 prescripti
574 1959 816 2004 propugnaculi
844 1970 918 1992 cnm
956 1958 1081 1991 fossato
1116 1968 1197 2002 pure
1235 1962 1371 2003 propter
1399 1958 1494 1991 deum
1532 1958 1664 1992 factam.
1699 1964 1731 1992 ut
1769 1963 1977 2005 permittitur.

121 2030 287 2064 nunquam
316 2022 348 2052 in
377 2024 528 2052 eternum
548 2030 725 2053 revocare.
770 2019 805 2053 In
835 2022 927 2053 cuius
956 2021 1004 2052 rei
1033 2020 1253 2051 testimonium
1285 2019 1425 2062 sigillum
1451 2022 1618 2064 proprium
1649 2023 1679 2052 et
1709 2019 1749 2052 ad
1778 2023 1976 2065 peticionem

121 2084 265 2113 nostram
287 2079 329 2113 ob
351 2080 511 2123 majorem
533 2079 619 2112 dicte
638 2084 752 2113 nostre
781 2079 975 2113 donacionis
995 2080 1148 2111 noticiam
1171 2077 1398 2123 firmitatisque
1419 2080 1626 2113 ratitudinem
1648 2080 1756 2124 sigilla
1777 2080 1977 2114 venerabilis

119 2143 151 2173 in
181 2139 312 2173 Christo
342 2142 443 2185 patris
465 2144 494 2172 et
525 2139 647 2173 domini
675 2139 819 2173 Jaroslai
839 2139 966 2172 abbatis
995 2141 1187 2172 monasterii
1215 2138 1496 2173 Zabrdovicensis
1517 2140 1641 2173 ordinis
1664 2144 1977 2186 premonstratensis

120 2200 430 2245 honorabiliumque
459 2200 666 2234 dominorum
696 2200 823 2234 scilicet
860 2200 981 2233 domini
1010 2198 1189 2231 Przedbori
1224 2202 1384 2244 prepositi
1421 2202 1451 2232 in
1482 2199 1616 2233 Reusch
1654 2201 1833 2246 supradicti
1860 2201 1977 2235 Jacobi

120 2259 251 2306 plebani
286 2260 429 2294 ecclesie
467 2263 500 2293 in
528 2259 721 2296 Crasonicz.
756 2260 917 2294 Johannis
953 2260 1068 2292 decani
1097 2258 1337 2293 Vetlioviensis
1373 2263 1405 2292 et
1438 2258 1570 2305 plebani
1608 2261 1751 2294 ecclesie
1788 2264 1819 2295 in
1854 2261 1976 2296 Budcz.

120 2331 183 2353 nec
213 2330 278 2353 non
306 2320 491 2354 validorum
527 2323 771 2365 armigerorum
800 2320 953 2354 Jesconis
988 2320 1063 2352 dicti
1092 2318 1218 2352 Konias
1256 2319 1296 2352 de
1325 2319 1509 2353 Kniehnicz
1539 2325 1569 2353 et
1599 2320 1729 2354 Alberti
1763 2321 1804 2355 de
1832 2320 1976 2355 Castello

121 2380 201 2413 alias
231 2380 271 2413 de
301 2379 438 2414 Slatina.
469 2381 509 2414 de
538 2385 628 2414 certa
658 2384 804 2426 ipsorum
842 2383 986 2414 sciencia
1024 2378 1234 2425 presentibus
1271 2384 1344 2413 sunt
1375 2391 1532 2425 appensa.
1591 2381 1712 2414 Actum
1741 2386 1772 2415 et
1807 2381 1916 2415 datum
1945 2385 1977 2415 in

119 2445 230 2474 castro
250 2439 498 2474 Thaubenstein
519 2446 718 2487 nuncupato.
748 2442 848 2475 Anno
867 2441 989 2474 domini
1019 2439 1191 2473 millesimo
1221 2443 1457 2474 trecentesimo
1477 2444 1709 2485 nonagesimo.
1739 2441 1791 2475 die
1812 2441 1977 2475 dominico

118 2503 271 2546 proximo
300 2505 376 2534 ante
405 2500 524 2535 festum
554 2505 669 2535 sancte
697 2500 804 2535 Marie
832 2500 1041 2544 Magdalene.

426 2580 517 2612 (orig.
545 2580 624 2613 Perg.
649 2580 685 2604 im
711 2579 834 2604 Archive
859 2579 907 2603 des
931 2578 1028 2603 stiftes
1054 2576 1232 2609 Neureischs)
