2336 3074
1253 194 1326 226 :too

355 305 505 339 alh-2:111<
537 308 599 333 tani
631 302 682 332 diu
714 312 730 332 a
762 311 844 345 penu
875 300 1023 344 predicta
1055 302 1418 333 excominimicat-ionis
1448 303 1508 332 siut
1540 299 1693 334 absoluti.
1724 299 1878 343 ‹pinnuliu
1910 303 2014 345 ipsum
2045 299 2222 345 capitulum

355 365 588 395 tlt-›iiiim-iise.
622 362 705 393 tactu
738 363 955 404 nnpiisiciom·
985 360 1024 393 de
1054 363 1175 394 causis.
1207 363 1231 393 si
1263 372 1321 405 per
1351 372 1408 393 eas
1439 359 1686 393 racionabilit«.=r
1715 372 1731 392 a
1763 371 1846 405 pena
1877 360 2064 404 hujusmodi
2087 365 2220 405 possent

356 425 498 456 retexui-i
529 423 730 453 «leerexerit.
764 425 852 465 ipsos
883 424 1086 466 prepositum
1118 425 1146 453 et
1179 424 1359 454 cmionicos
1389 433 1446 454 scu
1479 420 1600 454 fratres
1630 421 1798 465 predictos
1828 431 1892 454 non
1924 432 1999 454 csse
2034 420 2221 464 hujusmodi

355 495 471 528 penam
503 486 706 514 incursuros.
741 481 832 514 ltem.
863 482 948 526 quod
981 482 1136 526 reliquias
1168 486 1355 526 presentes.
1385 485 1417 514 et
1447 492 1528 525 quas
1559 485 1629 526 post
1661 480 1784 513 obitum
1808 485 1956 514 nostrum
1979 481 2221 523 relingncmus.

356 543 541 576 distrahere
572 554 629 574 seu
660 541 811 579 obligare
841 547 893 574 aut
925 542 1071 575 alienare
1102 553 1165 575 uon
1197 541 1336 574 debcant
1369 542 1602 586 ‹pionismodo,
1633 544 1692 575 nisi
1732 542 1772 574 de
1811 546 1924 575 nostro
1963 546 1995 574 ct
2033 546 2222 575 nostrorum

357 603 527 635 lii-redum.
559 607 588 634 et
620 603 809 647 specialiter
840 603 1112 635 reverendissimi
1145 605 1173 635 iu
1205 602 1337 635 Christo
1369 605 1469 647 patris
1499 602 1620 635 domini
1651 605 1799 647 episcopi
1822 602 2067 644 OlouiucensiS,
2089 605 2142 647 qui
2165 613 2223 648 pro

357 668 506 707 tempore
538 663 646 695 l'ucrit.
677 667 705 694 et
738 665 786 695 sui
818 663 949 707 capituli
980 668 1071 695 certa
1103 666 1248 696 sciencia
1280 667 1308 695 et
1342 662 1479 695 licencia
1510 662 1657 707 speciali.
1699 661 1737 695 Et
1769 667 1803 695 ut
1832 665 1901 708 ipse
1932 665 2121 708 prepositus
2150 674 2224 696 cum

355 727 421 755 >uis
453 722 608 755 tratribus
638 734 740 755 onera
773 723 888 756 melius
927 724 1067 756 sull'erre
1106 724 1243 768 diesque
1282 726 1534 757 :mnivcrsarios
1573 723 1741 768 predictos
1777 734 1817 756 eo
1857 723 2018 757 devocius
2057 735 2224 769 peragere

356 783 500 816 xalezmt.
532 795 595 827 quo
625 795 662 815 se
691 786 839 816 senciant
878 784 993 817 melius
1025 796 1179 829 provisos
1218 787 1342 829 pariter
1373 789 1401 817 et
1433 784 1593 827 resectos,
1624 787 1671 817 cis
1710 784 1792 817 ultra
1830 784 1881 818 illa
1924 784 2022 821 bona.
2053 796 2116 829 que
2146 786 2225 829 ipsis

357 855 385 875 in
417 846 566 888 primeva
603 844 789 876 donacione
819 847 1079 886 assignavimus.
1111 844 1194 878 bona
1226 850 1255 878 et
1287 845 1394 887 villas,
1425 845 1578 879 videlicet
1611 844 1795 881 Rostienie.
1818 844 1974 880 Cladrub.
1996 844 2225 888 'l'w01-owtcz,

355 903 527 937 Wssetuli.
560 903 785 937 llostcowicz.
817 909 846 937 et
878 916 974 938 unum
1007 905 1224 938 hereditatem
1256 908 1286 938 in
1317 905 1392 939 villa
1416 905 1567 938 lluzowa
1597 905 1638 939 dc
1667 909 1811 951 quinque
1836 908 2018 947 sexagenis
2048 905 2223 947 redituum,

355 975 428 996 cum
469 967 581 997 curiis.
623 967 735 1009 pratis.
774 968 917 1010 pascuis.
954 966 1058 999 silvis.
1099 966 1235 1001 rubetis.
1272 970 1304 999 ct
1339 969 1407 1000 suis
1448 969 1615 1000 universis
1653 969 1868 1012 pertinenciis
1904 967 1943 1000 ad
1983 966 2099 999 eadem
2139 965 2224 999 bona

354 1024 583 1069 spectantibus
613 1036 686 1057 cum
718 1025 814 1070 pleno
840 1027 916 1068 jure
946 1031 975 1059 et
1007 1026 1151 1059 dominio
1182 1030 1263 1060 sicut
1295 1039 1333 1060 ea
1365 1027 1603 1071 u·1niinius‚‹l‹¹
1632 1039 1722 1061 novo
1751 1027 1935 1061 addidimus
1963 1031 1994 1060 et
2015 1025 2225 1072 presentilms

355 1088 576 1126 :issigimmus
609 1090 760 1130 petentes
799 1086 965 1120 humiliter
994 1091 1025 1120 et
1064 1099 1106 1120 ex
1145 1090 1255 1121 animo
1293 1087 1523 1121 desiderantes
1559 1091 1668 1121 omnia
1708 1099 1810 1121 onera
1850 1091 1880 1121 in
1920 1086 2084 1132 prioribus
2123 1086 2225 1119 literis

355 1150 509 1178 contenta
550 1157 623 1178 cum
663 1149 730 1179 suis
769 1150 960 1181 sentenciis.
1000 1151 1129 1192 penitus
1168 1151 1294 1181 cassari
1333 1153 1363 1181 et
1400 1160 1485 1181 nunc
1525 1148 1587 1181 bec
1621 1151 1730 1181 omnia
1770 1153 1802 1181 et
1839 1148 1968 1191 singula
2009 1150 2039 1181 iu
2078 1149 2225 1193 presenti

355 1206 448 1238 litera
485 1211 651 1238 contentu.
684 1211 779 1251 prout
808 1210 961 1252 superius
1000 1210 1030 1241 in
1069 1211 1137 1241 suis
1175 1211 1304 1253 punctis
1342 1209 1489 1242 articulis
1527 1213 1557 1242 ct
1597 1209 1752 1243 clausulis
1792 1212 2035 1255 exprimuntur,
2065 1219 2125 1253 per
2163 1218 2225 1241 vos

355 1267 578 1299 reverendum
611 1270 640 1299 in
664 1267 796 1299 (tn-isio
818 1272 945 1312 patrem
976 1268 1143 1302 dmuinum
1174 1269 1306 1302 Petrum
1337 1273 1529 1315 episcopum
1553 1269 1812 1303 ()lomucensem
1834 1272 2031 1302 auctoritate
2058 1268 2225 1301 ordinaria

355 1337 429 1359 cum
459 1338 626 1360 consensu
658 1330 760 1360 vestri
791 1327 995 1362 honorabilis
1026 1329 1158 1374 capituli
1180 1330 1414 1364 Olomuceusis
1442 1330 1644 1363 confirmari.
1675 1329 1712 1363 Et
1743 1342 1802 1363 nos
1825 1329 2015 1363 Fridcricus
2036 1331 2225 1374 prepositus

356 1391 384 1419 ct
419 1391 504 1419 totus
533 1391 719 1420 conventus
749 1399 787 1419 ac.
818 1388 994 1433 capitulum
1026 1392 1263 1423 cmionicorum
1295 1390 1498 1433 regularium
1529 1393 1721 1424 monasterii
1751 1395 1867 1424 sancte
1896 1390 2002 1424 lllaric
2038 1392 2069 1423 in
2099 1388 2225 1422 Stern-

355 1445 440 1485 berg·
470 1452 581 1480 notum
614 1448 752 1481 iacimus
783 1453 899 1482 tenore
935 1453 1147 1494 presencium
1187 1453 1365 1488 universis,
1396 1451 1482 1496 quod
1520 1451 1740 1484 consideratis
1780 1450 2011 1496 multiplicibus
2039 1448 2222 1487 beneficiis,

355 1518 417 1552 per
446 1507 521 1540 olim
545 1509 769 1542 reveremlum
792 1514 919 1555 patrem
942 1510 1108 1543 dominum
1140 1510 1314 1544 Alberlum
1346 1514 1538 1557 episcopum
1570 1511 1890 1545 Luimnisclitensmn
1921 1515 2069 1544 nostrum
2101 1510 2225 1544 sunda-

356 1571 461 1600 torem
493 1567 587 1600 nobis
617 1571 788 1614 impensis.
818 1581 880 1603 nec
911 1581 976 1603 non
1006 1574 1152 1616 pensatis
1182 1575 1243 1617 piis
1273 1571 1457 1609 favoribus.
1488 1572 1606 1617 quibus
1635 1572 1754 1606 nobilis
1785 1573 1836 1605 vir
1866 1572 2017 1605 dominus
2038 1570 2155 1604 Petrus
2185 1570 2225 1604 dc

355 1626 544 1671 Sternbcrg
574 1639 678 1674 nepos
709 1630 857 1672 ejusdem
889 1630 1012 1664 domini
1043 1634 1203 1677 episcopi,
1235 1631 1334 1666 lieres
1373 1632 1535 1666 bonorum
1572 1636 1602 1666 in
1633 1633 1821 1678 Sternberg
1859 1637 1891 1666 et
1929 1632 2084 1666 fundator
2119 1634 2225 1665 eciam

354 1692 482 1721 noster.
514 1699 574 1721 nos
606 1689 805 1723 indesinenti
837 1690 982 1724 bonitate
1013 1696 1236 1737 prosequitur,
1267 1697 1299 1726 et
1328 1698 1467 1727 auctore
1496 1694 1657 1728 altissimo
1679 1694 1901 1739 multiplicatis
1931 1704 1991 1728 sue
2012 1692 2225 1737 benignitatis

357 1747 528 1781 favoribus
568 1752 597 1782 in
637 1754 733 1783 antea
772 1756 1005 1796 prosequetur.
1045 1758 1236 1798 presentem
1275 1754 1540 1796 ordinacionem,
1579 1755 1850 1800 disposicionem,
1886 1754 2091 1788 voluntatem
2127 1757 2225 1798 atque

355 1811 574 1853 propffiituin.
612 1815 707 1854 prout
756 1814 908 1856 superius
957 1818 1210 1858 expressantur.
1249 1817 1359 1848 auimo
1399 1814 1594 1858 debboram,
1633 1815 1792 1849 concordi
1835 1819 1867 1848 et
1904 1816 2049 1848 unanimi
2086 1817 2225 1847 tractatu

355 1867 530 1913 prehabito
561 1874 590 1902 et
621 1876 733 1903 nostra
772 1872 943 1905 voluntate
981 1873 1137 1907 uniformi
1175 1874 1214 1908 ad
1250 1874 1315 1908 hoc
1353 1875 1549 1918 accedente,
1579 1876 1620 1910 de
1658 1880 1750 1909 certa
1789 1880 1902 1909 nostra
1941 1877 2086 1909 sciencia
2124 1877 2156 1907 in
2195 1877 2226 1907 et

355 1939 457 1972 super
486 1940 546 1962 nos
575 1934 607 1963 et
636 1942 854 1965 successores
883 1937 1017 1967 nostros
1046 1937 1078 1967 in
1107 1939 1303 1980 perpetuum
1334 1929 1568 1981 prorogamus,
1599 1935 1786 1980 obligantes
1823 1946 1885 1970 nos
1915 1939 1947 1969 et
1974 1939 2108 1969 nostros
2142 1945 2226 1968 suc-

358 1999 514 2021 cessores
543 1989 581 2022 ad
613 1990 870 2026 observanciam
901 1996 1046 2027 omnium
1076 1995 1301 2040 predictorum
1320 1997 1417 2040 juxta
1446 2001 1566 2031 statuta
1588 2001 1620 2030 et
1640 2001 1818 2031 consuetas
1839 1996 2080 2030 observancias
2102 1995 2226 2029 ordinis

356 2052 471 2081 nostri.
503 2054 533 2082 ut
566 2052 744 2095 prefertur.
775 2057 1007 2098 promittentes
1037 2059 1146 2089 animo
1169 2056 1352 2090 deliberato
1383 2056 1433 2090 his
1453 2057 1664 2102 presentibus
1684 2057 1788 2090 literis
1809 2062 1840 2090 et
1861 2059 1893 2090 in
1914 2056 2039 2090 eisdem
2061 2057 2225 2089 contentis

357 2112 446 2141 stare
477 2113 506 2142 in
537 2116 734 2157 perpetuum
765 2117 923 2151 contenti,
954 2120 985 2148 et
1015 2116 1154 2161 amplius
1183 2128 1243 2162 pro
1274 2119 1499 2151 innovacione
1528 2118 1665 2151 aliarum
1696 2118 1879 2152 literarum.
1910 2121 1965 2150 aut
2002 2117 2225 2150 diminucione

356 2179 498 2202 onerum
528 2174 558 2203 in
589 2174 637 2205 eis
666 2177 898 2207 contentorum
928 2186 994 2208 non
1024 2180 1222 2222 attemptare
1251 2177 1311 2211 sub
1340 2189 1425 2223 pena
1455 2181 1831 2221 excommunicacionis,
1853 2189 1963 2223 quam,
1985 2180 2011 2211 si
2033 2177 2225 2223 quomodo-

358 2239 500 2273 cumque
530 2241 589 2275 per
619 2243 679 2265 nos
709 2238 764 2266 aut
803 2239 936 2268 nostros
975 2247 1194 2270 successores
1224 2242 1340 2271 contra
1370 2238 1429 2271 has
1459 2244 1633 2284 presentes
1669 2239 1782 2272 literas
1817 2243 1849 2271 et
1886 2241 2031 2283 ipsarum
2070 2240 2224 2271 contenta

357 2292 503 2322 scienter
533 2290 724 2336 fecerimus,
755 2294 912 2328 incidisse
943 2296 1086 2330 fatemur
1115 2300 1186 2342 ipso
1216 2297 1317 2332 facto.
1348 2298 1416 2332 Sed
1446 2303 1479 2332 ut
1499 2303 1608 2333 omnia
1638 2302 1686 2333 sic
1706 2299 1864 2344 disposita
1885 2298 2016 2343 plenum
2038 2300 2226 2332 sorciantur

358 2349 522 2383 ell'cctum.
562 2352 785 2396 supplicamus
823 2353 990 2388 humiliter
1028 2356 1123 2390 vobis
1162 2357 1293 2403 prefato
1337 2359 1622 2393 reverendissimo
1661 2362 1692 2392 in
1728 2357 1861 2392 Christo
1900 2361 1984 2404 patri
2022 2362 2055 2391 et
2091 2358 2225 2391 domino

358 2407 490 2441 domino
520 2409 618 2443 Petro
649 2415 807 2458 episcopo
838 2414 1051 2449 Olomucensi
1087 2420 1244 2460 graciose
1274 2419 1408 2452 domino
1437 2425 1469 2453 et
1498 2420 1666 2453 ordinario
1704 2423 1832 2462 nostro,
1862 2423 2024 2464 quatenus
2062 2421 2225 2464 premissa

358 2472 466 2501 omnia
497 2472 543 2502 sic
574 2471 723 2505 ordinata
761 2479 790 2507 et
831 2475 1001 2520 disposita,
1031 2477 1142 2522 legata
1181 2483 1213 2512 et
1247 2491 1411 2525 expressa
1449 2483 1646 2513 auctoritate
1684 2484 1796 2513 vestra
1836 2480 2003 2513 ordinaria
2042 2478 2224 2513 secundum

359 2529 560 2573 approbatas
590 2534 849 2568 consuetudines
880 2541 911 2568 et
940 2542 1073 2571 sanctas
1102 2538 1344 2574 observancias
1374 2540 1497 2574 ordinis
1536 2543 1640 2573 nostri
1670 2543 1851 2585 paternitas
1881 2544 1994 2574 vestra
2024 2538 2224 2585 approhare,

358 2588 530 2623 notificare
561 2596 589 2624 et
621 2592 821 2627 confirmare
851 2596 1018 2634 dignetur.
1048 2601 1089 2631 ita
1120 2599 1205 2643 quod
1236 2600 1436 2634 inviolabilis
1466 2605 1595 2633 maneat
1627 2601 1780 2634 voluntas
1800 2605 1989 2634 nostrorum
2013 2600 2224 2634 fundatorum

358 2649 584 2693 predictorum
614 2656 825 2696 presencium
856 2656 915 2689 sub
954 2659 1055 2702 ipsius
1094 2658 1213 2693 nobilis
1251 2661 1375 2694 domini
1409 2660 1498 2694 Petri
1533 2661 1573 2694 dc
1612 2660 1800 2706 Sternberg
1835 2666 1865 2695 et
1905 2664 2026 2695 nostris
2064 2661 2226 2695 Friderici
