2336 3074
1239 195 1312 229 460

344 307 519 335 constitute
558 313 669 333 coi-am
709 300 802 334 nobis
842 300 1053 335 veucrubilcs
1092 306 1122 334 ct
1161 302 1319 345 religiose
1357 303 1627 336 sanctimoniales
1663 303 1779 348 Agnes
1817 303 1996 341 abtmussa,
2036 303 2206 337 Dorotlica

343 366 510 407 priorissa.
544 361 712 394 lilitnbctb
743 360 966 407 sulqn·iorissa
997 366 1025 394 ct
1057 362 1176 405 Agnes
1206 362 1379 396 ccllcraria
1411 365 1602 396 monasterii
1624 363 1727 396 Vallis
1756 368 1871 397 sancte
1900 363 2006 398 Muric
2036 367 2066 398 in
2098 364 2207 399 Ossla.

341 428 452 456 nostre
473 422 607 455 ‹tt-sote.
630 422 863 455 sistet-ciensis
884 422 1021 459 ordinis.
1052 427 1165 456 nostre
1186 423 1329 457 diocesis
1351 422 1597 467 olomucensis,
1628 427 1771 470 ipsarum
1794 428 1826 457 et
1846 429 2033 458 conventus
2059 425 2206 459 eiusdem

341 485 530 516 monasterii
562 482 749 515 nominibus
781 488 1037 528 proposuerunt,
1068 483 1154 528 quod
1185 487 1338 528 quamvis
1376 495 1393 516 a
1433 483 1637 530 temporibus
1675 487 1828 529 antiquis„
1858 495 1875 517 a
1906 484 2023 530 quibus
2060 487 2090 519 iu
2120 496 2207 519 con—

340 547 461 576 tinuum
494 542 661 575 bominum
694 546 853 576 uicinoriu
884 555 948 577 nou
978 546 1152 581 existeret,
1184 544 1301 578 luerint
1335 547 1365 577 in
1395 547 1610 590 p‹›sscssi‹uie
1650 545 1787 590 pacilica
1826 545 2030 591 percipiendi
2060 546 2206 580 sedecim

342 615 470 636 unu-cus
513 614 709 645 grossorum
754 607 968 649 pragensium
1013 608 1175 638 moravici
1217 608 1420 651 paguincnti,
1464 605 1621 639 videlicet.
1663 608 1694 638 in
1731 606 1871 649 sing-ulis
1908 605 2054 640 sabbatis
2092 606 2208 640 dicbus

340 669 479 708 quatuor
509 668 694 709 temporum
734 664 905 698 cuiuslibet
946 668 1021 699 atini
1058 670 1199 711 quatuor
1238 676 1368 699 marcus
1406 677 1603 709 grossorum
1642 665 1682 699 ab
1712 666 1856 700 ecclesia
1886 669 1991 700 sancti
2021 666 2137 700 Jacobi
2177 669 2206 700 in

340 724 447 757 l3ruua
478 729 507 757 et
540 727 640 770 ipsius
671 729 803 758 rectore
833 737 892 771 pro
923 730 1073 772 tempore
1103 729 1271 769 existenti,
1304 731 1412 760 tamen
1444 727 1607 761 discretus
1637 730 1690 761 vir
1719 727 1870 761 dominus
1900 726 2019 761 llanko
2059 727 2206 761 ciusdem

340 785 482 817 ecclesie
512 787 617 818 sancti
647 784 763 819 ι11100111
802 790 914 819 rector
950 789 980 820 in
1019 790 1270 833 presenciarum
1309 787 1480 821 solucione
1519 788 1604 821 dicte
1634 790 1803 833 pensionis
1842 799 1950 821 annue
1988 792 2020 821 et
2058 790 2208 822 terminis

339 844 475 890 pretatis
505 845 732 890 negligentem
763 858 800 880 se
829 847 1020 880 ostenderet
1052 852 1081 881 et
1113 850 1301 887 remissum,
1331 848 1417 881 unde
1446 851 1516 894 ipsa
1551 847 1730 891 abbatissa7
1760 850 1920 894 priorissa
1959 853 1992 882 ct
2020 853 2207 883 conventus

340 908 530 939 monasterii
552 906 732 952 supradicti
762 909 973 941 incuriwrent
1001 907 1154 954 dampna,
1186 919 1296 942 rerum
1318 908 1489 954 dispendia
1519 913 1550 943 et
1571 920 1795 955 expensarum
1826 909 2045 952 detrimenta;
2075 914 2107 943 et
2132 909 2204 943 licct

343 966 551 1000 reverendus
581 969 610 1000 iu
633 966 766 1001 Christo
786 972 880 1014 pater
909 968 1061 1002 domiuus
1081 969 1254 1003 ,Iohannes
1283 980 1369 1003 nunc
1399 969 1673 1016 archiepiscopus
1694 969 1873 1015 Pragensis
1901 970 2084 1016 apostolice
2118 970 2207 1004 sedis

339 1027 480 1071 legatus.
519 1027 594 1061 dum
634 1032 721 1061 esset
762 1028 995 1063 Olonmccnsis
1034 1033 1223 1076 episcopus³
1267 1030 1308 1064 de
1346 1030 1472 1064 eisdem
1516 1029 1684 1065 abbatisse
1722 1035 1754 1064 et
1792 1034 1971 1066 conventui
2015 1033 2208 1065 monasterii

339 1087 494 1120 antedicti
524 1098 625 1133 super
654 1099 719 1122 non
748 1089 921 1123 solucione
950 1094 982 1123 ct
1011 1089 1174 1124 dilacione
1204 1090 1365 1125 dictarum
1395 1094 1611 1137 pecuniarum
1641 1094 1672 1125 in
1703 1094 1852 1126 terminis
1877 1092 2035 1138 predictis
2063 1091 2207 1126 solven-

338 1147 452 1181 darum
474 1159 534 1193 pcr
554 1148 780 1194 prolacionein
802 1152 1050 1184 sentenciarum
1071 1151 1302 1186 ecclesiastice
1322 1163 1466 1186 censure
1487 1155 1540 1198 pic
1569 1152 1767 1198 providerit,
1797 1152 1954 1187 videlicet
1983 1155 2013 1186 in
2039 1157 2205 1186 rectorem

337 1208 486 1241 eiusdem
516 1209 661 1243 ecclesie
691 1221 751 1255 pro
782 1214 932 1256 tempore
961 1213 1161 1245 existentem
1198 1216 1575 1256 excommunicacionis,
1614 1217 1646 1247 et
1684 1216 1715 1247 in
1746 1216 1850 1259 ipsam
1889 1213 2067 1248 ecclesiam
2102 1215 2207 1247 sancti

336 1267 452 1302 iacobi
483 1270 646 1303 interdicti
676 1274 878 1308 sentencias,
917 1274 1078 1317 quociens
1107 1277 1137 1306 et
1168 1273 1299 1318 quando
1337 1273 1465 1307 solucio
1504 1274 1664 1307 dictarum
1703 1277 1919 1319 pecuniarum
1949 1273 2120 1308 differetur
2153 1277 2208 1307 aut

338 1334 449 1363 rector
479 1341 515 1363 se
545 1335 731 1376 opponeret
767 1332 930 1366 solucioni
968 1333 1022 1367 vel
1051 1333 1299 1368 contradiceret
1334 1337 1365 1367 in
1404 1339 1472 1368 toto
1506 1334 1561 1368 vel
1599 1337 1630 1368 in
1666 1339 1773 1380 parte,
1812 1337 1844 1368 in
1880 1334 2020 1379 singulis
2057 1336 2206 1368 terminis

336 1393 531 1435 prenotatis,
562 1393 592 1424 iu
623 1394 753 1437 scriptis
783 1396 944 1426 canonica
975 1396 1163 1428 monicione
1188 1398 1352 1440 premissa
1381 1395 1636 1441 promulgando,
1667 1407 1707 1429 ac
1736 1394 1928 1429 earumdem
1958 1397 2204 1429 sentcnciarum

337 1454 578 1485 exccucionem
608 1455 676 1486 suis
705 1464 765 1498 pro
797 1458 873 1487 tunc
902 1454 1161 1489 administratori
1191 1460 1223 1489 et
1252 1454 1385 1489 officiali
1415 1467 1547 1490 necnon
1576 1459 1743 1491 universis
1772 1461 1805 1490 et
1832 1455 1971 1501 singulis
2000 1455 2136 1501 prelatis
2174 1459 2206 1489 et

337 1511 554 1546 ecclesiarum
585 1513 773 1548 rectoribus
794 1525 854 1560 per
875 1517 1043 1549 civitatem
1073 1520 1105 1549 ct
1134 1516 1306 1562 dyocesim
1330 1516 1589 1551 Olomucensem
1619 1519 1805 1551 constitutis
1834 1519 2056 1550 commiserit:
2082 1520 2206 1559 tamen,

337 1583 409 1605 cuin
441 1572 545 1607 dictus
576 1573 736 1619 plebanus
767 1577 799 1608 in
827 1575 975 1620 pluribus
1004 1579 1153 1611 terminis
1183 1576 1343 1611 dictarum
1373 1580 1590 1623 pecuniarum
1619 1577 1857 1612 solvendarum
1886 1576 2065 1622 negligens
2104 1580 2205 1620 esset„

335 1644 443 1677 grave
473 1633 557 1666 soret
581 1634 705 1668 eisdem
735 1634 903 1670 abbatisse
933 1640 965 1670 et
984 1640 1164 1671 conventui
1193 1637 1233 1671 ad
1255 1637 1417 1672 officiales
1437 1643 1570 1673 nostros
1599 1649 1733 1684 semper
1762 1649 1940 1672 recurrere
1963 1649 2023 1683 pro
2044 1637 2204 1671 dictarum

334 1697 581 1728 sentenciarum
613 1699 834 1739 execucione,
863 1696 1026 1743 nobisque
1047 1697 1214 1732 humiliter
1233 1698 1473 1744 supplicarunt,
1502 1703 1536 1732 ut
1555 1702 1598 1745 pii
1618 1702 1721 1745 patris
1742 1710 1835 1732 more
1864 1698 2034 1743 fragilitati
2059 1701 2204 1744 ipsarum

337 1757 586 1799 conipacieutes
607 1756 733 1790 eisdem
754 1768 855 1803 super
875 1757 940 1792 hoc
960 1758 1001 1792 de
1026 1759 1174 1793 remedio
1196 1759 1412 1804 dignaremur
1431 1759 1625 1805 providere,
1655 1760 1761 1794 saltim
1783 1762 1927 1806 ipsarum
1957 1761 2204 1794 sentenciarum

336 1817 576 1849 execucioncm
616 1819 775 1861 quociens
805 1822 835 1851 et
865 1818 996 1863 quando
1027 1819 1131 1853 dictus
1161 1819 1313 1854 dominus
1343 1819 1462 1854 Hanko
1500 1832 1588 1854 nunc
1625 1825 1738 1855 rector
1775 1820 1919 1855 ecclesie
1955 1822 2059 1854 sancti
2087 1818 2204 1853 Jacobi

336 1874 392 1908 vel
420 1878 470 1908 sui
499 1886 716 1911 successores
754 1889 815 1924 pro
855 1883 1005 1925 tempore
1044 1883 1228 1915 existentes
1263 1884 1295 1914 iu
1325 1881 1497 1915 solucione
1536 1881 1696 1915 dictarum
1735 1884 1951 1927 pecuniarum
1990 1883 2021 1914 in
2055 1882 2204 1914 terminis

335 1935 510 1969 antedictis
540 1937 750 1982 negligentes
781 1942 965 1973 existerent
995 1945 1026 1974 et
1055 1944 1198 1984 remissi,
1229 1941 1479 1976 honorabilibus
1510 1945 1590 1976 viris
1620 1947 1653 1976 et
1681 1942 1823 1976 dominis
1854 1969 1860 1976 .
1884 1970 1890 1976 .
1912 1944 2083 1988 preposito
2111 1945 2200 1975 et..

334 1995 477 2041 plebano
508 1997 652 2031 ecclesie
682 2002 787 2033 sancti
816 1999 904 2034 Petri
943 2004 975 2034 in
1004 2001 1115 2035 Bruna
1153 2013 1213 2048 pro
1244 2007 1395 2049 tempore
1434 2002 1653 2038 existentibus
1691 2003 1941 2037 committendo.
1996 2001 2066 2037 Nos
2104 2004 2204 2047 igitur

334 2055 492 2090 Nicolaus
522 2060 700 2104 episcopus
729 2060 898 2105 predictus
927 2064 1073 2107 ipsarum
1103 2068 1292 2097 nostrarum
1329 2063 1526 2097 devotarum
1564 2063 1742 2107 abbatisse,
1772 2066 1945 2110 prim-Isse,
1979 2062 2203 2109 subpriorisse

335 2121 365 2149 et
403 2117 579 2151 cellerarie
615 2122 717 2164 ipsius
754 2125 940 2155 conventus
978 2126 1171 2157 monasterii
1207 2127 1238 2158 in
1278 2124 1374 2158 Ossla
1420 2124 1601 2171 supradicti
1643 2123 1862 2170 peticionibus
1900 2128 2067 2169 tamquam
2109 2126 2202 2158 iustis

334 2182 519 2212 annuentes
557 2179 654 2213 vobis
692 2181 865 2215 antedictis
903 2186 1073 2228 preposito
1113 2189 1144 2217 et
1186 2184 1328 2229 plebano
1366 2185 1509 2220 ecclesie
1547 2188 1653 2219 sancti
1690 2185 1776 2218 Petri
1814 2187 1845 2218 in
1883 2184 2007 2228 Bruna,
2051 2187 2105 2230 qui
2141 2195 2201 2230 pro

335 2242 487 2283 tempore
518 2238 658 2283 fueritis,
694 2243 726 2274 in
755 2244 877 2276 virtute
915 2248 1030 2277 sancte
1069 2243 1265 2278 obediencie
1302 2250 1331 2279 et
1371 2245 1430 2279 sub
1468 2248 1831 2279 excommunicacionis
1867 2256 1952 2290 pena
1991 2244 2201 2291 presentibus

333 2301 535 2344 precipimus
565 2304 595 2333 ct
626 2301 833 2346 mandamus,
864 2307 1026 2348 quatenus
1055 2307 1215 2349 quociens
1244 2310 1277 2339 et
1305 2307 1436 2351 quando
1458 2306 1577 2339 dictum
1609 2306 1776 2339 dominum
1798 2305 1995 2340 Hankonem
2024 2305 2199 2351 plebanum

333 2362 436 2391 sancti
467 2359 582 2394 Jacobi
613 2366 667 2394 aut
697 2373 775 2396 suos
805 2374 1024 2398 successores
1053 2375 1114 2410 pro
1144 2369 1295 2411 tempore
1325 2368 1509 2401 existentes
1538 2369 1569 2400 in
1589 2366 1761 2400 solucione
1791 2366 1954 2400 dictarum
1984 2369 2199 2412 pecuniarum

333 2421 363 2451 in
395 2422 544 2455 terminis
572 2422 731 2467 predictis
760 2423 998 2458 solvendarum
1037 2428 1196 2460 remissos
1225 2437 1301 2461 esse
1331 2430 1533 2471 contingerit
1570 2431 1625 2460 aut
1662 2430 1693 2460 in
1722 2427 1894 2461 solucione
1923 2427 2107 2461 defecerint
2141 2438 2199 2461 seu

332 2481 363 2511 in
393 2479 565 2514 solucione
605 2492 641 2515 se
679 2487 895 2529 opposuerint
934 2489 987 2518 aut
1027 2486 1301 2530 contradixerint,
1341 2498 1404 2521 vos
1442 2491 1531 2533 ipsas
1569 2490 1933 2522 excounnunicacionis
1971 2492 2003 2522 et
2036 2488 2199 2522 interdicti

331 2543 521 2573 sentencias
542 2553 601 2587 per
623 2543 743 2577 dietum
766 2544 932 2578 dominum
956 2551 988 2579 et
1016 2550 1143 2591 patrem
1164 2558 1252 2581 nunc
1271 2547 1559 2593 archiepiscopum
1581 2547 1786 2592 l'rageusem
1807 2548 1896 2591 olim,
1927 2548 2001 2582 dum
2024 2551 2199 2594 episcopus

333 2598 567 2634 010111110011515
598 2602 716 2643 fuerat„
756 2604 851 2640 latas.
882 2609 1042 2651 quociens
1080 2611 1112 2640 et
1141 2608 1272 2653 quando
1311 2619 1371 2654 pro
1409 2613 1503 2653 parte
1541 2608 1702 2642 dictarum
1741 2608 1907 2643 abbatisse
1945 2613 1977 2642 et
2014 2614 2199 2643 conventus

333 2664 525 2694 monasterii
554 2663 692 2707 predicti
723 2664 852 2699 fueritis
883 2669 1043 2711 requisiti.
1073 2671 1270 2702 auctoritate
1300 2673 1424 2711 noso-fu
1455 2680 1517 2713 qua
1548 2679 1609 2702 vos
1640 2672 1670 2702 in
1700 2669 1763 2703 bac
1790 2673 1885 2715 parte
1915 2668 2005 2714 fungi
2033 2669 2196 2705 volumus.
