2336 3074
958 272 961 273 ⁷
1000 220 1072 254 493

105 333 241 369 preesse
271 323 441 370 disposuit,
472 322 624 357 volentes
653 322 812 357 adhibere
841 324 895 358 tali
925 323 1041 358 morbo
1070 335 1254 369 congruam
1275 324 1470 358 medicinam
1492 334 1611 357 aenos
1633 323 1744 358 divino
1771 327 1803 357 et
1822 322 1966 357 humano

101 385 167 428 juri
197 388 352 429 quantum
373 394 549 430 possumus
570 382 794 427 conformare,
825 384 865 418 de
885 385 1023 419 consilio
1044 387 1286 419 conveniencia
1307 389 1341 418 et
1360 396 1527 419 consensu
1553 383 1794 418 honorabilium
1815 386 1965 417 virorum

107 444 313 478 dominorum
344 444 462 478 decani
490 446 649 490 prepositi
679 448 709 477 et
739 445 870 490 capituli
900 445 985 478 dicte
1014 445 1158 479 ecclesie
1187 450 1300 479 nostre
1330 445 1564 479 Olomucensis
1598 444 1735 479 fratrum
1775 449 1965 478 nostrorum

107 508 357 538 carissimorum
387 507 419 538 in
448 504 590 550 capitulo
620 514 735 538 eorum
765 505 915 549 generali
945 505 1169 549 considerato,
1205 505 1291 551 quod
1321 508 1390 551 ipsa
1420 508 1537 539 civitas
1567 505 1783 551 Budyschaw
1814 507 1845 538 in
1875 515 1964 538 con-

107 564 190 599 finiis
228 568 267 599 sit
305 568 366 600 sita
404 567 615 611 episcopatus
654 568 758 599 nostri
797 564 1042 614 Olomucensis‚
1077 566 1131 600 ubi
1169 570 1371 600 concurrunt
1409 565 1491 601 fines
1528 570 1560 600 et
1594 568 1744 611 granicie
1783 568 1964 612 principum

106 626 334 672 plurimorum,
377 628 469 659 cuius
506 627 684 659 occasione
713 630 849 671 propter
878 625 1014 661 hostiles
1047 627 1185 662 insultus
1223 627 1341 671 majori
1378 626 1504 671 indiget
1540 626 1688 660 custodia
1726 625 1967 659 fortificacione

106 690 138 719 et
168 688 377 720 munimentis
406 690 439 720 et
466 688 571 719 eciam
600 689 634 719 ut
662 688 822 720 concives
851 685 968 720 habeat
1000 690 1105 732 magis
1134 687 1273 721 idoneos
1302 691 1333 720 et
1362 686 1524 721 habentes
1555 686 1709 720 meliores
1739 691 1771 720 et
1800 686 1964 720 forciores

106 758 145 780 ac
180 750 283 793 ipsam
322 749 488 781 civitatem
526 751 674 781 nostram
713 749 743 780 in
783 746 926 781 turribus
965 750 1065 782 muris
1104 747 1254 782 menibus
1292 750 1445 793 parcanis
1483 750 1586 793 portis
1621 751 1653 781 et
1690 746 1789 781 fossis
1825 751 1857 780 et
1896 746 1967 781 aliis

107 806 401 841 fortificacionibus
430 807 470 841 ad
500 806 728 841 defensionem
758 810 959 842 necessariis
988 810 1117 842 munire
1146 808 1280 842 valeant
1303 812 1336 841 et
1355 807 1500 851 firmare,
1531 809 1632 853 ipsius
1652 809 1796 841 civitatis
1818 806 1968 841 custodie

107 870 261 902 insistere
290 872 321 901 et
350 866 605 902 necessitatibus
633 867 826 913 providere,
864 880 881 902 a
912 868 997 902 dicta
1027 868 1267 902 consuetudine
1296 872 1327 902 et
1356 867 1578 902 observancia
1607 870 1655 901 sic
1685 867 1847 901 hactenus
1877 871 1965 901 tenta

108 932 140 962 et
176 927 356 962 observata
392 930 594 962 recessimus
630 932 662 961 et
696 928 884 963 recedimus
923 929 963 963 de
996 933 1086 963 certa
1122 933 1234 963 nostra
1272 931 1417 964 sciencia
1453 939 1513 974 per
1560 932 1746 974 presentes,
1793 930 1964 974 cupientes

108 988 272 1022 modicum
301 988 427 1022 lucrum
457 988 545 1022 bono
574 988 704 1022 meliori
732 987 897 1023 salubrius
926 1000 1158 1035 compensare.
1196 988 1238 1022 Et
1269 993 1303 1023 ut
1338 989 1446 1022 incole
1485 988 1634 1023 eiusdem
1672 993 1786 1022 nostre
1825 991 1967 1022 civitatis

108 1060 148 1083 eo
178 1048 344 1083 fideliores
374 1053 405 1082 et
434 1048 670 1093 diligenciores
699 1048 891 1092 reddantur,
921 1061 986 1095 quo
1014 1060 1051 1083 se
1080 1050 1198 1094 maj0ri
1228 1048 1346 1083 favore
1375 1053 1406 1082 et
1435 1051 1548 1094 gracia
1579 1051 1728 1083 senciant
1758 1052 1966 1094 prosecutos,

109 1109 235 1144 eisdem
264 1112 425 1155 magistro
454 1111 574 1143 civium
600 1109 703 1153 judici
733 1109 923 1144 consulibus
938 1111 1057 1154 juratis
1082 1112 1308 1144 communitati
1336 1114 1368 1143 et
1396 1109 1534 1154 singulis
1563 1108 1692 1143 civibus
1722 1109 1839 1143 domus
1868 1120 1965 1142 areas

108 1170 271 1204 domicilia
301 1172 434 1216 propria
460 1173 514 1203 aut
532 1172 765 1216 possessiones
794 1169 871 1204 inibi
900 1169 1098 1205 habentibus
1127 1170 1298 1204 dumtaxat
1326 1181 1510 1215 eorumque
1538 1172 1680 1215 posteris
1710 1172 1741 1203 in
1766 1168 1967 1203 Budischaw

109 1230 273 1264 antedicta
307 1235 420 1265 nostra
450 1233 585 1265 civitate
614 1234 843 1266 concessimus
872 1235 904 1265 et
933 1231 1142 1271 donavimus,
1176 1235 1292 1264 tenore
1321 1232 1532 1276 presencium
1561 1232 1717 1275 graciose
1754 1229 1968 1263 concedimus

109 1291 223 1325 damus
253 1290 434 1325 liberaliter
462 1296 494 1325 et
523 1291 685 1326 donamus
715 1290 852 1325 liberam
881 1295 1078 1338 potestatem
1107 1301 1240 1325 exnunc
1269 1293 1301 1324 in
1330 1295 1426 1324 antea
1456 1294 1488 1323 et
1516 1293 1547 1323 in
1576 1295 1786 1336 perpetuum,
1825 1294 1858 1323 ut
1888 1292 1966 1335 ipsis

109 1351 250 1395 civibus,
279 1354 333 1397 qui
363 1356 478 1385 carent
506 1351 579 1386 siliis
608 1356 641 1386 et
669 1351 807 1395 filiabus,
844 1354 1098 1398 propinquiores
1136 1362 1251 1385 eorum
1290 1353 1387 1384 amici
1416 1355 1488 1396 post
1518 1355 1659 1384 mortem
1694 1361 1822 1394 eorum,
1862 1353 1967 1384 eciam

111 1415 138 1446 si
167 1417 263 1446 antea
293 1411 333 1446 ab
363 1412 488 1446 eisdem
519 1417 632 1446 essent
670 1412 778 1456 divisi,
818 1415 849 1446 in
887 1415 954 1446 suis
989 1411 1258 1458 possessionibus
1294 1410 1532 1445 hereditatibus
1568 1410 1663 1445 bonis
1702 1415 1734 1444 et
1772 1410 1871 1444 rebus
1909 1421 1969 1456 per

111 1475 199 1519 ipsos
229 1472 395 1507 derelictis
424 1472 609 1507 succedere
638 1475 764 1519 possint
793 1477 825 1506 et
862 1472 1006 1516 valeant,
1046 1483 1085 1506 ac
1119 1475 1264 1518 ipsorum
1302 1474 1535 1517 possessiones
1570 1470 1773 1505 heredItates
1811 1470 1897 1505 bona
1936 1475 1967 1504 et

110 1544 164 1567 res
199 1536 247 1566 sic
275 1537 349 1579 post
380 1544 497 1567 eorum
536 1537 676 1567 mortem
715 1533 847 1567 relictas
883 1532 987 1567 libere
1024 1532 1116 1566 adire
1151 1535 1303 1578 recipere
1339 1536 1454 1565 tenere
1493 1536 1525 1566 et
1562 1531 1735 1578 possidere
1773 1534 1844 1566 sine
1879 1534 1969 1565 omni

110 1593 346 1640 impedimento
376 1598 408 1627 et
437 1593 662 1639 inquietudine
700 1596 823 1627 nostris
861 1598 894 1627 et
930 1598 1118 1627 nostrorum
1156 1603 1390 1627 successorum
1427 1603 1467 1626 ac
1504 1591 1725 1626 officiatorum
1765 1591 1969 1638 temporibus

110 1654 269 1688 affuturis.
313 1653 359 1688 Ita
389 1658 512 1697 tamen,
542 1654 627 1699 quod
658 1654 740 1687 tales
769 1653 913 1687 heredes
942 1657 974 1687 et
1002 1655 1098 1686 amici
1127 1655 1395 1699 propinquiores,
1425 1655 1478 1698 qui
1503 1655 1738 1698 possessiones
1767 1651 1969 1686 hereditates

110 1714 196 1748 bona
225 1719 255 1748 et
290 1726 345 1748 res
373 1717 421 1748 sic
450 1714 582 1748 relictas
621 1714 833 1755 obtinuerint,
870 1717 902 1748 in
939 1713 1064 1748 eisdem
1100 1713 1320 1759 personaliter
1355 1712 1523 1747 resideant
1560 1724 1620 1759 per
1656 1724 1777 1746 annum
1813 1717 1845 1746 et
1882 1712 1968 1746 diem

109 1774 290 1809 secundum
330 1775 603 1809 consuetudinem
641 1777 743 1821 ipsius
780 1777 923 1809 civitatis
961 1778 992 1807 et
1030 1785 1095 1808 non
1132 1778 1227 1807 extra
1263 1775 1432 1807 civitatem
1468 1775 1499 1806 in
1538 1772 1632 1807 bonis
1670 1773 1805 1807 alterius
1847 1773 1968 1806 domini

110 1838 337 1881 cuiuscunque
366 1840 398 1869 et
427 1835 548 1869 faciant
574 1836 649 1880 jura
680 1838 824 1870 civitatis
853 1835 1000 1869 adinstar
1028 1837 1130 1880 ipsius
1159 1836 1291 1876 mortui,
1321 1836 1373 1867 cui
1401 1833 1594 1877 succedunt,
1629 1837 1662 1867 et
1689 1836 1716 1867 si
1745 1838 1819 1879 post
1848 1845 1967 1867 annum

110 1901 142 1931 et
172 1896 256 1930 diem
287 1896 412 1930 eisdem
443 1895 563 1929 ibidem
592 1899 721 1931 mansio
751 1896 952 1942 displiceret,
982 1898 1108 1941 possint
1146 1894 1279 1928 easdem
1316 1896 1547 1939 possessiones
1585 1893 1788 1928 hereditates
1818 1893 1903 1928 bona
1939 1898 1971 1928 et

112 1968 167 1991 res
197 1957 346 1992 vendere
376 1956 470 1990 alteri
500 1959 573 1990 viro
603 1955 736 2000 idoneo,
775 1959 829 2002 qui
859 1960 909 1990 est
937 1955 1054 1989 babilis
1091 1959 1123 1989 et
1151 1955 1289 1988 idoneus
1325 1957 1403 2000 ipsis
1436 1954 1564 1989 civibus
1603 1959 1635 1988 et
1671 1957 1808 1998 civitati,
1849 1957 1969 2000 quique

111 2020 215 2052 eciam
246 2017 366 2052 ibidem
397 2017 564 2051 demorari
594 2021 625 2051 et
654 2017 805 2051 residere
834 2015 1011 2059 tenebitur,
1041 2020 1074 2049 ut
1102 2015 1185 2048 alter
1214 2017 1297 2049 civis
1322 2016 1397 2059 jura
1427 2017 1645 2049 necessitates
1666 2019 1698 2048 et
1727 2026 1830 2048 onera
1861 2015 1969 2049 civiIIa

111 2078 150 2112 ad
180 2078 323 2112 debitum
354 2082 562 2124 supportare.
593 2077 733 2123 Insuper
762 2077 976 2111 concedimus
1000 2078 1172 2110 statuimus
1193 2079 1224 2109 et
1245 2076 1435 2109 ordinamus
1456 2079 1687 2121 inperpetuum
1709 2075 1969 2118 observandum,

111 2138 196 2184 quod
227 2138 351 2184 absque
381 2138 616 2184 impedimento
646 2148 843 2182 quocunque
872 2137 970 2170 liceat
998 2138 1174 2181 unicuique
1204 2136 1385 2170 incolarum
1415 2139 1536 2170 civium
1567 2135 1653 2169 dicte
1683 2139 1826 2170 civitatis
1856 2140 1970 2169 nostre

113 2198 316 2233 Rudischaw
345 2201 377 2232 in
405 2201 472 2232 vita
494 2198 549 2233 vel
574 2202 680 2231 morte
701 2199 814 2231 testari
834 2197 950 2241 legare
970 2201 1267 2241 testamentumque
1288 2196 1401 2230 facere
1422 2196 1460 2229 ad
1482 2196 1644 2230 ecclesias
1673 2201 1728 2229 aut
1752 2196 1968 2230 ecclesiarum

113 2258 257 2293 fabricas
286 2264 341 2292 aut
368 2259 484 2304 legare
513 2261 664 2305 personis
694 2257 930 2292 ecclesiasticis
960 2257 1107 2291 eiusdem
1137 2259 1280 2291 civitatis
1314 2261 1346 2290 et
1380 2257 1443 2290 loci
1481 2261 1578 2302 prout
1615 2256 1748 2290 cuilibet
1787 2256 1969 2290 incolarum

112 2322 233 2353 civium
264 2319 348 2353 dicte
377 2324 491 2353 nostre
521 2321 662 2353 civitatis
692 2317 894 2351 Budischaw
924 2316 1088 2351 videbitur
1118 2317 1225 2351 utilius
1260 2317 1431 2363 expedire.
1462 2316 1619 2350 Valorem
1652 2319 1900 2350 estimacionem
1940 2319 1969 2348 et

112 2385 222 2413 taxam
252 2378 413 2413 bonorum
444 2381 693 2425 possessionum
723 2389 762 2411 ac
791 2389 901 2411 rerum
932 2377 1121 2411 relictarum
1151 2382 1225 2423 post
1253 2377 1445 2410 decedentis
1475 2381 1614 2410 mortem
1641 2376 1797 2410 videlicet
1825 2378 1969 2421 quintam

111 2444 239 2486 partem
269 2439 449 2483 dumtaxat,
484 2450 580 2485 quam
611 2441 715 2473 eciam
747 2440 1002 2471 extimacionein
1032 2437 1183 2471 valorem
1213 2441 1245 2471 et
1274 2441 1382 2470 taxam
1415 2439 1574 2481 magister
1602 2439 1724 2470 civium
1755 2436 1910 2470 consules
1941 2440 1971 2469 et

109 2501 210 2544 jurati
240 2502 332 2533 cives
362 2499 448 2533 dicte
477 2502 619 2533 civitatis
649 2510 708 2545 per
732 2499 955 2543 juramentum
987 2498 1120 2531 domino
1150 2502 1180 2531 et
1209 2499 1335 2531 civitati
1363 2499 1533 2542 prestitum
1564 2501 1637 2542 post
1663 2501 1803 2530 mortem
1824 2496 1970 2530 defuncti

113 2560 197 2593 infra
228 2559 298 2593 dies
334 2559 583 2605 quatuordecim
618 2561 774 2593 estimare
809 2563 838 2592 et
878 2562 994 2592 taxare
1030 2558 1170 2592 fideliter
1208 2556 1416 2591 tenebuntur.
1465 2557 1558 2590 Hanc
1596 2568 1680 2591 vero
1711 2559 1968 2590 extimacionem

115 2620 263 2655 valorem
293 2624 325 2653 et
353 2624 463 2653 taxam
494 2619 681 2654 huiusmodi
710 2622 821 2664 quinte
850 2622 952 2664 partis
982 2621 1205 2664 proximiores
1235 2617 1377 2651 heredes
1407 2622 1461 2651 aut
1489 2617 1589 2651 heres
1619 2620 1817 2662 proximior,
1854 2620 1907 2662 qui
1939 2620 1969 2650 in

114 2680 207 2714 bonis
237 2679 504 2726 possessionibus
534 2684 563 2713 et
594 2679 694 2713 rebus
724 2679 869 2713 defuncti
899 2679 1091 2722 succedent,
1121 2682 1203 2712 sicut
1234 2680 1443 2723 premittitur,
1474 2677 1625 2712 ecclesiis
1651 2677 1731 2711 locis
1753 2681 1783 2711 et
1804 2680 1968 2723 personis.
