2336 3074
1277 234 1348 268 211

381 344 623 373 eoiuuussiouis
653 352 724 372 sne
755 339 1011 384 supplicat-iouis
1041 339 1157 372 cedule
1187 342 1309 384 scripta
1339 344 1432 372 erant
1464 339 1504 372 de
1534 339 1595 372 alia
1634 350 1730 372 manu
1761 343 1790 372 et
1822 339 1914 373 litera
1944 342 2108 386 superiori
2147 340 2241 372 litere

381 414 479 446 ipsius
510 401 624 432 eedule
656 403 784 445 penitus
823 404 852 432 et
894 403 1027 432 oumino
1065 399 1212 433 dissimili
1252 405 1283 432 et
1324 400 1457 433 diversa
1498 399 1558 433 1101·
1598 399 1701 433 verba
1741 400 1916 434 videlicet:
1974 400 2049 445 „De
2088 400 2242 434 mandato

380 463 500 493 dommi
532 466 632 492 nostri
665 472 746 505 pape
777 460 884 492 audiat
926 463 1085 501 magister
1117 460 1288 493 ,1111010005
1318 459 1495 505 1111111111·11)’,
1525 463 1601 494 01101
1632 465 1663 494 ut
1693 464 1813 506 petitur
1842 465 1870 493 et
1907 462 2074 505 justiciam
2106 460 2239 494 l'aciat.‘⁴

383 523 480 553 t'uius
511 521 640 565 quidem
671 523 915 553 commissionis
947 524 1064 559 vigore
1095 533 1154 554 005
1184 521 1222 554 ad
1254 521 1386 554 discreti
1418 524 1480 554 viri
1511 523 1659 562 magistri
1689 521 1850 555 Jolianuis
1878 522 2023 555 Simonis
2054 525 2084 555 10
2106 532 2241 554 romana

383 584 471 613 curia
503 584 729 626 procuratoris
759 592 796 613 ac
827 592 885 626 per
914 581 1093 614 discretum
1133 584 1240 614 virum
1281 584 1474 625 magistrum
1512 581 1698 615 ι1010100001
1739 582 1779 615 de
1819 581 1915 615 Nova
1952 585 2086 617 civitate
2124 582 2242 628 prosali

383 643 503 674 domiui
536 641 661 674 Nicolai
692 642 850 674 (¹zeruast
882 642 1072 687 principalis
1094 647 1344 687 procuratorem
1375 642 1414 675 ad
1446 641 1531 676 banc
1560 653 1693 675 causam
1720 642 1940 679 substitutum.
1963 647 2059 688 prout
2088 641 2182 676 nobis
2203 642 2243 675 de

384 713 528 746 ipsorum
560 704 794 739 nemis-trorum
823 701 986 735 ,lobannis
1016 702 1056 735 de
1087 702 1181 735 Nova
1212 705 1346 736 civitate
1376 705 1626 736 consultu-iouis
1666 707 1696 736 et
1733 702 1894 736 Jobannis
1934 703 2079 736 Simonis
2115 702 2243 736 substi-

382 765 522 794 tucionis
553 762 712 794 mandatis
734 773 792 807 per
814 762 971 805 leg-imina
993 762 1163 795 constabat
1187 768 1217 796 et
1238 767 1365 796 constat
1388 763 1584 796 documenta
1606 775 1719 796 coram
1741 763 1835 797 nobis
1858 766 2024 797 constituti
2047 765 2240 797 instanciam

383 824 545 869 prelatum
578 823 749 856 Nicolaum
790 823 830 857 de
869 823 1028 857 l'rcrovia
1067 836 1109 857 ex
1148 824 1294 858 adverso
1333 824 1547 869 principalem
1586 835 1769 869 omnesque
1808 824 1890 858 alios
1926 828 1958 858 ct
1996 824 2146 869 singulos
2184 834 2242 857 sua

383 887 603 917 communiter
632 884 686 917 vel
716 884 846 917 divisim
887 887 1050 917 interesse
1089 889 1240 930 putantes
1279 896 1338 930 per
1377 889 1509 919 nostras
1545 887 1625 918 certi
1666 888 1790 918 tenoris
1832 885 1944 918 literas
1981 889 2096 918 nostro
2134 884 2243 929 sigillo

384 944 594 989 impendente
632 944 791 986 sigillatas
828 948 922 977 extra
962 956 1132 978 romanam
1172 949 1296 979 curiam
1337 950 1365 978 et
1405 945 1444 978 ad
1483 950 1594 991 partes
1633 948 1725 978 citari
1765 945 1905 979 fecimus
1949 947 2174 991 peremptorie
2212 948 2244 978 et

384 1005 626 1039 uumdavimus.
657 1009 818 1049 quatenus
857 1009 950 1038 certo
989 1009 1214 1051 peremptorio
1252 1009 1393 1040 termino
1432 1009 1462 1039 in
1501 1006 1626 1039 eisdem
1665 1008 1787 1039 nostris
1825 1006 1928 1039 literis
1966 1010 2043 1039 tunc
2079 1015 2243 1050 expresso

382 1076 494 1097 coram
526 1064 620 1098 nobis
651 1065 703 1098 vel
734 1065 797 1098 alio
827 1065 900 1098 loco
931 1069 1033 1099 nostri
1065 1066 1203 1099 forsitan
1233 1066 1384 1100 auditore
1414 1066 1625 1111 surrogando
1656 1077 1714 1112 per
1752 1078 1789 1099 sc
1818 1066 1872 1099 vel
1902 1070 2154 1112 procuratorem
2184 1076 2243 1099 seu

383 1130 619 1171 procuratores
658 1137 735 1159 suos
774 1126 926 1172 ydoneos
965 1127 1002 1160 ad
1041 1138 1175 1160 causam
1213 1139 1271 1161 seu
1315 1139 1434 1161 causas
1472 1127 1659 1160 huiusmodi
1701 1126 1906 1160 sufficienter
1948 1129 2127 1160 instructos
2169 1137 2242 1160 cum

383 1186 535 1219 omuibus
566 1191 594 1219 01
626 1187 764 1227 singulis
794 1190 874 1220 actis
913 1190 1064 1222 actitatis.
1095 1188 1210 1231 literis7
1240 1190 1424 1234 scripturis„
1456 1190 1681 1221 instrmncutis
1720 1192 1751 1220 ct
1780 1190 1991 1221 munimentis
2020 1198 2154 1221 causam
2184 1197 2243 1220 seu

383 1258 502 1281 causas
532 1247 717 1281 huiusmodi
749 1247 960 1288 tane-entibus
998 1259 1057 1281 seu
1096 1248 1375 1282 concernentibus
1412 1248 1519 1282 Rome
1561 1248 1613 1283 vel
1652 1248 1740 1291 alibi,
1778 1247 1831 1281 ubi
1871 1253 1947 1282 tunc
1986 1247 2100 1282 forsan
2138 1247 2244 1281 dictus

383 1308 534 1341 domiuus
572 1313 686 1341 noster
724 1320 806 1353 papa
846 1320 919 1341 cum
958 1312 1049 1342 curia
1088 1320 1146 1343 sua
1185 1310 1320 1349 residetq
1352 1312 1382 1343 iu
1422 1309 1550 1355 palacio
1589 1320 1765 1342 causarum
1803 1309 1986 1354 apostolico
2025 1319 2122 1342 mane
2160 1307 2243 1342 hora

382 1380 557 1401 causarum
589 1371 618 1402 111
644 1369 769 1412 judicio
799 1369 946 1413 legitime
976 1374 1224 1415 comparerent,
1254 1370 1383 1415 prelato
1413 1370 1547 1403 domino
1576 1368 1713 1402 Nicolao
1744 1368 1905 1403 Czernast
1925 1380 1984 1402 seu
2014 1371 2085 1402 eius
2114 1378 2243 1414 procu-

382 1432 485 1463 ratori
515 1418 662 1473 legitimo
693 1429 733 1462 de
763 1434 793 1462 et
824 1441 924 1475 super
953 1429 1105 1464 omnibus
1136 1435 1168 1463 et
1196 1430 1335 1475 singulis
1364 1433 1395 1464 in
1426 1430 1511 1464 dicta
1549 1429 1644 1464 nobis
1683 1430 1769 1463 facta
1808 1433 2043 1464 commissione
2079 1431 2243 1463 contentis

383 1490 423 1523 (10
448 1491 581 1534 justicia
611 1493 804 1536 responsuri
835 1495 863 1523 01
896 1493 926 1524 111
956 1495 1023 1525 toto
1053 1494 1196 1536 negocio
1227 1495 1259 1524 et
1287 1502 1386 1525 causa
1416 1502 1474 1525 seu
1496 1494 1605 1524 causis
1634 1490 1821 1524 huiusmodi
1846 1490 2023 1524 3110101105
2043 1495 2075 1524 et
2094 1489 2243 1535 singulos

382 1555 475 1584 actus
504 1550 666 1588 «gradatim
698 1555 729 1584 et
757 1554 953 1585 successive
982 1556 1014 1585 et
1042 1562 1147 1597 usque
1176 1551 1216 1585 ad
1246 1550 1453 1585 diffinitivam
1474 1554 1679 1585 sentenciam
1702 1551 1864 1585 inclusive
1885 1550 2002 1585 debitis
2024 1555 2056 1584 ct
2076 1552 2243 1584 consuetis

382 1614 530 1644 terminis
561 1616 592 1644 et
621 1611 838 1645 dilacionibus
867 1612 1123 1658 precedentibus
1152 1615 1345 1658 processuri
1375 1616 1406 1646 et
1434 1612 1621 1658 procedere
1649 1614 1754 1646 visuri
1783 1611 1930 1657 aliasque
1960 1611 2090 1654 dicturi⁷
2111 1611 2242 1654 facturi,

382 1671 534 1708 audituri,
565 1675 744 1717 recepturi,
775 1672 860 1717 quod
892 1675 1018 1706 iusticia
1054 1673 1211 1707 suaderet
1240 1677 1271 1707 01
1300 1673 1438 1707 dictaret
1468 1673 1550 1706 ordo
1588 1675 1734 1706 racionis
1764 1683 1837 1705 011111
1867 1672 2126 1716 certificacione,
2156 1671 2242 1717 quod

382 1735 454 1765 sive
493 1735 552 1777 ipsi
592 1735 679 1765 citati
716 1743 915 1778 comparere
953 1738 1109 1767 curarent
1147 1737 1220 1767 sive
1259 1745 1336 1777 nom
1376 1745 1436 1768 nos
1474 1733 1707 1767 nichilominus
1745 1733 1799 1767 vel
1843 1732 2072 1777 surrogandus
2114 1732 2244 1766 auditor

382 1792 542 1837 prefatus.
573 1795 598 1825 si
628 1804 724 1837 quem
755 1804 938 1838 sui-rogare
968 1797 1190 1839 contingeret,
1221 1794 1260 1828 ad
1298 1797 1461 1840 premissa
1500 1797 1609 1828 omnia
1648 1798 1680 1827 ct
1716 1793 1846 1838 singula
1885 1793 2146 1839 procederemus
2184 1803 2243 1827 seu

382 1853 578 1897 procederet
613 1855 746 1897 justicia
789 1854 967 1891 mediante.
1006 1857 1180 1888 citatorum
1226 1858 1373 1901 ipsorum
1417 1854 1573 1888 absencia
1617 1866 1676 1888 5011
1719 1856 1927 1888 contumacia
1970 1864 2035 1888 non
2078 1853 2241 1888 obstante.

383 1913 576 1947 Huiusmodi
605 1914 767 1959 siquidem
798 1917 961 1948 citacione
990 1915 1199 1961 postmodum
1230 1915 1270 1948 de
1299 1915 1446 1961 partibus
1484 1919 1651 1961 reportata
1682 1919 1714 1948 et
1742 1925 1802 1960 per
1831 1917 2025 1959 magistrum
2054 1914 2242 1948 Johannem

383 1974 528 2007 Simonis
557 1979 808 2020 procuratorem
841 1978 974 2008 nomine
1012 1979 1244 2021 procuratorio
1284 1979 1384 2021 partis
1422 1987 1481 2009 500
1519 1986 1632 2009 coram
1669 1974 1764 2009 nobis
1800 1974 1996 2008 iudicialiter
2032 1978 2242 2020 competente

382 2037 544 2067 citacioue
573 2038 642 2080 ipsa
674 2047 735 2068 una
775 2047 848 2069 cum
887 2036 1035 2070 eiusdem
1073 2039 1281 2070 execucione
1320 2040 1469 2082 reputata
1508 2039 1750 2081 citatorumque
1789 2038 1820 2068 iu
1858 2035 1974 2068 eadem
2011 2039 2241 2069 contentorum

381 2105 446 2127 nou
477 2099 745 2140 eomparencium
776 2099 983 2129 contumacia
1014 2101 1179 2139 attestata,
1211 2100 1367 2142 ipsosque
1397 2108 1457 2142 per
1485 2108 1546 2130 nos
1575 2101 1790 2131 contumaces
1821 2099 1966 2142 reputari
1995 2095 2160 2141 postulato
2181 2106 2242 2129 nos

383 2158 499 2188 citatos
530 2157 696 2201 predictos
726 2168 791 2190 non
828 2161 1074 2203 comparentes„
1105 2156 1310 2191 sufficienter
1348 2162 1456 2190 tamen
1486 2161 1700 2203 exspectatos
1738 2160 1978 2202 reputavimus,
2008 2160 2107 2202 prout
2135 2160 2241 2199 erant,

384 2220 609 2250 contumaces.
641 2216 805 2251 Processo
835 2222 944 2251 autem
975 2218 1183 2263 postmodum
1213 2229 1273 2263 per
1302 2228 1362 2251 1105
1392 2220 1477 2250 inter
1505 2222 1618 2263 partes
1647 2220 1735 2263 ipsas
1764 2217 1802 2250 ad
1834 2217 2010 2250 nonnullos
2040 2217 2238 2261 3010530111-

383 2275 484 2308 ciales
514 2281 638 2309 certum
678 2281 788 2310 tamen
827 2281 1003 2311 terminum
1039 2278 1078 2311 ad
1114 2278 1302 2323 ponendum
1339 2281 1369 2310 et
1407 2278 1645 2312 articulandum
1685 2277 1928 2323 subsequenter
1965 2277 2051 2311 idem
2091 2277 2242 2311 dominus

381 2340 494 2369 noster
523 2348 605 2382 papa
636 2337 730 2371 uobis
759 2349 819 2383 per
848 2339 1011 2383 quendam
1042 2349 1215 2371 cursorem
1246 2349 1339 2371 suum
1370 2338 1534 2382 quandam
1565 2338 1661 2371 aliam
1691 2341 1936 2372 commissionis
1966 2340 2039 2372 sive
2068 2331 2241 2384 supplica-

382 2398 486 2429 ciouis
524 2397 673 2430 cedulam
710 2401 896 2443 presentari
933 2398 1022 2439 10011,
1063 2403 1226 2432 tenorem.
1257 2402 1310 2444 qui
1349 2401 1510 2443 sequitur,
1547 2401 1791 2432 continentem:
1852 2399 2040 2444 „Dignetur
2075 2397 2241 2432 Sanctitas

382 2456 503 2489 Vestra
534 2461 741 2491 committere
771 2463 800 2491 01
823 2459 981 2492 0131111310
1003 2459 1186 2493 venerabili
1210 2462 1282 2493 viro
1303 2459 1436 2492 domino
1457 2458 1599 2492 Johanni
1619 2458 1797 2505 Monbray„
1819 2462 1905 2493 sacri
1926 2459 2044 2505 palacii
2065 2468 2241 2492 causarum

382 2516 533 2551 auditori.
566 2522 595 2550 ut
626 2521 656 2551 iu
687 2530 787 2552 causa
817 2523 849 2552 et
878 2522 987 2552 causis
1017 2519 1077 2553 sibi
1108 2523 1293 2553 commissis
1323 2523 1408 2552 inter
1447 2519 1613 2553 dominum
1653 2519 1826 2553 Nicolaum
1866 2519 2028 2554 Czernast
2066 2530 2110 2552 ex
2147 2523 2241 2565 parte

382 2588 445 2609 una
485 2582 513 2610 01
551 2577 723 2611 Nicolaum
762 2579 801 2612 de
840 2579 999 2613 Prerovia
1039 2580 1079 2613 (10
1118 2585 1148 2613 et
1186 2591 1286 2626 super
1324 2579 1505 2625 parochiali
1543 2580 1686 2613 ecclesia
1722 2583 1753 2613 in
1791 2580 1968 2624 Araczicz,
2008 2579 2241 2614 Olomucensis

382 2637 525 2670 diocesis
556 2642 585 2670 et
616 2641 684 2671 eius
715 2642 893 2673 occasione
924 2651 967 2672 ex
996 2640 1098 2673 altera
1129 2640 1249 2673 dictum
1279 2639 1453 2673 Nicolaum
1484 2639 1642 2673 Czernast
1682 2639 1861 2674 absolvere
1897 2643 2001 2686 possit
2029 2644 2061 2673 et
2090 2639 2241 2673 absolvat

382 2698 576 2743 simpliciter
605 2703 635 2731 et
665 2699 703 2731 ad
735 2699 933 2742 cautbelaun
964 2703 990 2733 si
1020 2705 1052 2733 et
1080 2705 1175 2746 prout
1206 2701 1246 2734 de
1271 2702 1347 2745 jure
1368 2700 1502 2734 sue1·it.“
1534 2700 1569 2734 In
1599 2700 1663 2734 fine
1686 2712 1768 2734 vero
1789 2700 1975 2734 huiusmodi
1996 2701 2238 2733 commissionis
