2336 3074
1022 226 1070 260 37

114 342 332 366 successores
360 336 493 365 nostros
523 342 567 365 ex
594 335 733 376 paterna
762 335 794 364 et
822 331 982 375 legittima
1011 335 1228 365 successione
1258 344 1331 365 cum
1361 333 1459 378 pleno
1481 332 1627 365 dominio
1658 335 1689 364 ct
1718 334 1849 376 integra
1870 331 1978 365 liher-

114 396 181 426 tate
205 393 282 436 jure
316 391 519 425 hereditario
558 391 740 425 dinoscitur
775 391 967 435 devenisse,
997 395 1028 425 et
1057 396 1154 436 prout
1191 392 1352 426 hactenus
1383 397 1450 426 met
1484 396 1647 427 tenuimus
1686 397 1717 427 et
1755 393 1977 438 possedimus,

115 451 217 486 nichil
244 450 340 486 nobis
369 456 423 485 aut
452 454 575 485 nostris
604 451 785 485 heredibus
808 453 894 496 juris
923 456 979 485 aut
1006 454 1219 497 proprietatis
1239 452 1359 486 ibidem
1381 453 1601 496 reservando„
1622 453 1833 487 vendidimus
1863 453 1977 486 hono—

113 512 208 546 rabili
235 515 310 547 viro
340 512 473 546 domino
502 512 645 546 Bedrico
679 512 808 546 decano
838 512 1053 546 Olomucensi
1092 516 1124 545 et
1162 511 1262 546 nobili
1299 515 1374 546 viro
1413 513 1545 546 domino
1585 513 1724 547 Smiloni
1762 514 1802 547 de
1840 512 1977 547 Cunstat

113 573 195 607 alias
224 572 264 606 de
292 572 432 607 Lesnicz
462 577 494 606 et
522 575 590 606 suis
619 571 799 606 heredibus
827 583 887 618 pro
916 575 1098 617 nonaginta
1127 583 1190 606 sex
1210 575 1332 606 marcis
1361 584 1557 617 grossorum
1579 577 1793 619 pragensium
1815 576 1977 607 moravici

111 635 242 666 numeri
271 637 304 666 et
331 635 521 679 pagamenti
550 644 610 678 per
639 635 744 678 ipsum
773 637 923 666 nostrum
952 636 1135 678 emptorem
1166 637 1199 666 et
1227 644 1305 667 suos
1334 632 1478 666 heredes
1507 634 1697 667 tenendum.
1727 634 1915 667 habendum
1945 637 1977 667 01

113 695 146 726 111
173 697 369 738 perpetuum
393 694 471 737 jure
501 693 703 726 hereditario
732 693 980 738 possidendum.
1011 692 1247 727 Promittentes
1276 704 1337 726 nos
1366 693 1591 727 XVencesluus
1621 693 1770 739 prefatus
1799 697 1974 740 principa-

110 753 197 795 liter,
226 753 343 787 Petrus
381 753 422 787 de
458 752 588 788 Cravar
625 754 706 788 alias
745 753 786 787 de
823 753 996 797 Plumlaw,
1035 752 1201 787 Stihorius
1239 753 1280 787 de
1318 753 1499 799 Czimburg
1537 754 1642 788 dictus
1678 755 1718 788 de
1757 755 1976 798 Towaczow,

112 812 272 847 Geblinus
301 813 342 847 de
372 813 572 857 Guezeraw,
602 814 665 847 Jan
700 814 741 847 de
777 813 1029 857 Hustienovicz‚
1058 813 1223 848 Radslaus
1254 814 1294 848 de
1333 813 1540 848 Cracowcze
1578 819 1609 848 et
1644 814 1833 860 Stephanus
1872 816 1976 849 dictus

112 873 250 920 Stiepan
279 874 320 908 de
348 874 508 917 Ζο1011οΖ,
538 877 640 920 ipsius
676 877 977 920 compromissores
1007 873 1158 908 manibus
1196 877 1226 908 111
1257 875 1397 909 solidum
1436 878 1632 911 coniunctis,
1668 875 1754 909 hona
1793 880 1906 909 nostra
1945 880 1977 909 et

109 936 243 968 sincera
271 933 335 968 fide
364 934 489 980 absque
519 934 594 968 dolo
624 939 656 968 et
684 934 801 968 fraude
830 935 947 968 eadem
975 934 1063 968 bona
1083 937 1116 967 in
1145 933 1357 969 Czechovicz
1378 946 1452 969 cum
1482 938 1549 969 suis
1576 938 1743 969 universis
1764 938 1976 981 pertinenciis

111 1005 171 1041 pro
200 995 371 1030 voluntate
400 995 520 1041 prefati
549 995 673 1029 domini
702 994 860 1030 Smilonis
895 999 927 1029 et
964 1006 1099 1029 suorum
1141 995 1303 1029 heredum
1342 996 1382 1029 ad
1420 995 1547 1029 tabulas
1583 1000 1684 1030 terre.
1723 1006 1796 1029 cum
1836 998 1976 1041 primum

110 1059 226 1101 aperte
255 1054 388 1099 fuerint,
419 1058 592 1101 imponere
621 1059 653 1089 et
681 1055 928 1100 a‘quihuslibet
964 1055 1197 1101 impetentibus
1222 1057 1300 1100 jure
1337 1060 1370 1090 et
1406 1056 1660 1090 conswetudine
1698 1060 1788 1089 terre
1822 1055 1976 1090 Moravie

110 1115 299 1160 disbrigare
328 1127 367 1149 ac
395 1126 456 1162 pro
485 1118 660 1150 eviccione
689 1116 878 1162 specialiter
906 1118 1148 1162 promittentes.
1180 1115 1216 1150 Si
1244 1127 1329 1150 vero
1359 1116 1457 1161 aliqui
1486 1119 1582 1149 amici
1611 1119 1716 1150 nostri
1735 1127 1818 1149 vera
1845 1119 1976 1161 origine

109 1178 427 1221 consanquineitatis
465 1180 497 1210 et
530 1180 646 1211 nostro
676 1176 783 1222 clipeo
820 1175 917 1210 nohis
946 1176 1154 1210 confederati
1192 1176 1277 1209 dicta
1306 1175 1393 1210 hona
1423 1187 1483 1222 pro
1513 1179 1688 1210 eviccione
1717 1176 1885 1210 voluerint
1913 1187 1975 1209 re-

110 1235 249 1274 habere.
292 1247 336 1270 ex
378 1240 455 1270 tunc
492 1248 593 1282 super
630 1239 811 1281 nonaginta
850 1247 913 1270 sex
949 1247 1081 1270 marcas
1118 1247 1316 1281 grossorum
1359 1237 1581 1282 superadditis
1624 1237 1811 1281 quindecim
1854 1239 1975 1270 marcis

110 1306 309 1341 grossorum
337 1297 563 1342 predictorum
593 1301 626 1331 et
654 1299 733 1343 ipsis
762 1296 889 1342 absque
918 1299 1007 1330 omui
1035 1300 1216 1330 occasione
1245 1300 1437 1342 assignatis9
1466 1300 1528 1342 ipsi
1558 1301 1727 1343 emptores
1757 1297 1797 1330 de
1817 1297 1975 1342 predictis

108 1355 204 1390 bonis
233 1359 265 1390 in
295 1355 506 1391 Czechovicz
535 1368 609 1391 cum
638 1360 706 1391 suis
735 1359 951 1402 pertinenciis
987 1357 1262 1391 condescendere
1291 1362 1455 1391 tenentur.
1487 1357 1583 1398 Quod
1613 1360 1639 1391 si
1668 1357 1789 1402 aliquid
1819 1369 1863 1391 ex
1890 1368 1975 1403 pre—

109 1418 219 1450 missis
247 1427 314 1450 non
343 1416 534 1461 fecerimus7
565 1421 688 1451 extunc
717 1420 904 1462 quicunque
934 1417 998 1451 duo
1028 1429 1072 1451 ex
1100 1417 1195 1451 nohis
1225 1417 1266 1451 de
1295 1417 1359 1451 hoc
1390 1420 1503 1451 moniti
1532 1429 1592 1463 per
1621 1418 1785 1463 prefatum
1807 1418 1974 1451 dominum

110 1476 295 1510 Smilonem
332 1482 388 1510 aut
422 1471 500 1511 suos
538 1477 683 1511 heredes
729 1489 789 1512 seu
825 1480 975 1522 requisiti
1013 1477 1185 1520 fuerimus,
1223 1489 1285 1512 nos
1313 1478 1550 1520 wenceslaus,
1585 1477 1703 1511 Petrus
1740 1482 1772 1511 et
1810 1477 1975 1511 Stiborius

108 1537 247 1583 predicti
275 1548 336 1583 per
364 1540 576 1583 interpositas
605 1549 768 1583 personas
798 1538 947 1571 militaris
975 1537 1113 1582 gradus,
1143 1537 1196 1571 alii
1225 1549 1309 1571 vero
1338 1541 1481 1583 propriis
1502 1541 1533 1571 in
1563 1541 1715 1583 personis
1745 1538 1879 1583 quilibet
1899 1549 1974 1572 cum

109 1608 175 1631 uno
204 1596 328 1631 famulo
358 1601 389 1631 et
419 1597 546 1631 duobus
576 1600 670 1642 equis
699 1601 908 1631 conswetum
947 1597 1136 1642 obstagium
1174 1600 1206 1631 in
1244 1600 1379 1631 civitate
1409 1597 1624 1632 Olomucensi
1654 1601 1685 1631 in
1715 1598 1813 1632 domo
1842 1598 1974 1632 honesti

108 1657 248 1703 hospitis
276 1668 337 1703 per
364 1657 550 1703 predictum
579 1657 762 1691 Smilonem
801 1661 856 1691 aut
884 1669 963 1692 suos
992 1657 1136 1691 heredes
1175 1658 1214 1691 ad
1253 1657 1319 1691 hoc
1355 1657 1509 1703 deputata
1549 1658 1736 1691 tenebimur
1773 1658 1972 1701 subintrare,

107 1717 228 1751 abinde
256 1717 442 1751 nullatenus
471 1720 655 1762 egressuri,
685 1728 857 1762 quousque
885 1722 1060 1764 prenotata
1087 1717 1174 1752 bona
1202 1721 1235 1751 in
1261 1716 1472 1752 Czechovicz
1502 1718 1541 1751 ad
1571 1717 1698 1752 tabulas
1728 1723 1817 1752 terre
1852 1719 1975 1753 fuerint

107 1780 262 1824 imposita
291 1781 324 1811 et
352 1777 393 1811 ab
421 1777 654 1823 impetentibus
684 1776 881 1822 quibuslibet
902 1777 1085 1822 disbrigata
1114 1782 1146 1811 et
1174 1781 1280 1812 eciam
1301 1778 1442 1823 dampna
1464 1778 1610 1824 desuper
1630 1783 1764 1812 acereta
1785 1783 1816 1812 et
1836 1782 1973 1812 racione

106 1836 296 1871 huiusmodi
323 1837 536 1882 negligencie
565 1841 749 1880 contracta„
779 1849 843 1882 que
872 1841 982 1871 tamen
1011 1837 1260 1871 racionabiliter
1288 1842 1426 1884 possent
1455 1838 1690 1882 demonstrari,
1719 1850 1779 1884 per
1815 1850 1877 1873 nos
1915 1842 1975 1873 in-

107 1897 281 1942 tegraliter
309 1897 432 1931 fuerint
459 1898 639 1943 persoluta.
670 1897 807 1941 Harum,
837 1909 919 1943 quas
955 1898 1071 1942 sigillis
1100 1901 1224 1932 nostris
1252 1901 1395 1944 propriis
1422 1898 1577 1932 roborari
1605 1898 1757 1941 fecimus,
1783 1902 1972 1933 testimonio

106 1957 287 1992 literarum.
317 1958 441 1992 Actum
469 1962 502 1992 et
530 1958 639 1991 datum
670 1957 831 1991 Olomucz
857 1958 957 1992 Anno
987 1959 1109 1992 domini
1138 1961 1243 1992 nostri
1271 1958 1507 2004 Redemptoris
1528 1958 1704 1993 Millesimo
1733 1962 1972 1994 trecentesimo

107 2020 357 2064 septuagesimo
386 2022 496 2061 sexto,
526 2018 578 2052 die
607 2022 639 2052 et
668 2018 753 2051 festo
783 2021 889 2052 sancti
916 2018 1078 2052 Johannis
1107 2018 1249 2064 baptiste
1278 2021 1354 2051 anni
1385 2018 1546 2052 eiusdem.

1054 2078 1118 2112 Per
1147 2077 1198 2112 .Ιο.
1229 2081 1355 2112 arcium
1387 2075 1617 2112 Baecalarium
1647 2078 1864 2123 pragensem.

418 2157 509 2192 (Orig.
533 2158 615 2191 Perg.
642 2158 656 2182 7
683 2157 710 2182 h.
734 2157 791 2191 sig.
816 2157 853 2182 im
878 2156 951 2183 olm.
974 2157 1234 2191 Kapitelarehive.)

1007 2301 1080 2336 44.

433 2403 769 2449 E1·offi211119sforrtzel
797 2404 856 2437 des
889 2403 1061 2436 Olme‘ltzer
1090 2403 1324 2437 Landreeletes
1354 2404 1388 2437 2.
1419 2404 1494 2437 Jale·
1523 2404 1633 2438 1376.

264 2479 382 2532 Anno
411 2499 535 2532 domini
564 2499 737 2532 millesimo
767 2501 1003 2532 trecentesimo
1032 2501 1281 2543 septuagesimo
1310 2503 1407 2533 sexto
1437 2499 1520 2532 feria
1550 2505 1664 2544 quarta
1703 2504 1855 2546 proxima
1895 2505 1970 2546 post

105 2562 246 2593 octavas
274 2558 436 2593 Johannis
472 2559 618 2605 Baptiste
657 2558 860 2593 celebratum
900 2563 950 2592 est
988 2558 1187 2603 colloquium
1225 2563 1316 2592 terre
1356 2559 1516 2604 generale
1552 2570 1612 2605 per
1649 2559 1778 2594 nobiles
1817 2561 1968 2594 dominos

105 2617 331 2653 Venceslaum
361 2619 401 2652 de
430 2617 572 2653 Crawar
601 2619 681 2653 alias
715 2619 756 2653 de
786 2619 959 2653 Straznicz
988 2630 1178 2664 supremum
1218 2622 1451 2654 camerarium.
1481 2619 1669 2653 Jaroslaum
1709 2620 1749 2654 de
1786 2620 1968 2665 Longherg

106 2678 188 2712 alias
217 2678 257 2712 de
285 2678 446 2713 Knienicz
475 2679 666 2713 czudarium
694 2691 898 2726 supremum„
919 2679 1159 2713 VVenceslaum
1189 2679 1229 2712 de
1250 2679 1447 2724 Radyczow
1467 2683 1629 2713 notarium
1652 2691 1842 2725 supremum
1864 2680 1967 2714 czude
