2336 3074
1269 219 1317 253 58

359 329 441 360 sni...
471 333 664 360 assistente>
696 337 757 358 non
790 327 984 370 permittatis
1014 325 1150 358 eosdem
1188 336 1288 369 snper
1318 323 1379 356 biis
1409 327 1438 355 et
1478 321 1674 368 quibuslibet
1715 321 1786 355 aliis
1825 321 1919 355 bonis
1957 326 1988 355 et
2025 321 2149 355 iuribus
2185 321 2224 354 ad

358 389 492 420 eosdem
526 392 739 432 prepositum.
770 386 931 418 decanum
963 389 993 418 et
1024 385 1213 430 capitulum.
1245 389 1274 417 ut
1306 384 1486 429 prefertur„
1508 383 1746 429 spectantibus.
1769 382 1808 415 ab
1830 382 1955 416 eisdem
1977 382 2031 416 vel
2052 381 2226 427 quibusvis

358 449 428 480 atu>
460 448 602 480 'indebite
633 447 797 479 molestari
831 445 882 478 wi
913 445 1039 478 eisdem
1069 449 1266 487 gravamina
1296 455 1354 477 seu
1386 444 1527 489 dampna
1559 443 1611 477 vel
1642 446 1777 477 iniurias
1808 446 1963 487 irrogari„
1986 442 2103 476 tacturi
2131 442 2225 476 dietis

360 512 539 554 preposito.
571 508 697 539 itu-enno
727 511 756 538 et
788 506 942 550 capitulo,
974 517 1046 538 eum
1077 506 1117 538 ub
1147 509 1194 538 eis
1226 505 1278 538 vel
1310 503 1582 550 procuratoribus
1621 507 1688 538 suis
1727 503 1780 538 vel
1811 514 1926 537 eorum
1957 503 2066 549 atiquo
2098 503 2225 536 fueritis

359 572 516 612 requisiti.
549 567 588 600 ‹te
619 567 774 612 predictis
804 570 832 598 et
876 566 946 599 aliis
984 569 1136 611 personis
1174 564 1370 610 quilius-tibet
1410 576 1511 610 super
1549 567 1766 598 restitucioiw
1802 564 1987 597 huiusmodi
2027 568 2225 599 castrorum.

360 630 522 662 villarum.
555 633 717 660 terrarum
749 633 776 660 et
809 628 946 660 aliorum
985 627 1144 659 tororum.
1176 628 1293 659 iurium
1331 629 1360 658 et
1401 625 1670 658 i1u·isdiecionum
1708 636 1747 658 ue.
1786 624 1948 658 bonorum
1988 623 2154 658 mobilium
2195 630 2227 658 et

361 688 585 722 innnobilium.
617 688 800 721 reddituum
833 699 965 733 quoque
995 691 1023 719 et
1056 691 1277 732 proventuum
1308 690 1340 719 et
1369 685 1507 719 aliorum
1537 696 1812 730 quoruuteunque
1841 685 2003 718 bonorum
2035 696 2164 718 necnon
2187 684 2226 718 de

358 748 553 794 quibus-tibet
595 748 765 782 molestiis,
808 751 932 782 iniuriis
971 752 1068 792 :itque
1108 748 1257 792 ‹tainpnis
1294 745 1505 791 presentibus
1541 750 1570 779 et
1617 745 1746 789 suturis,
1778 748 1807 779 in
1851 746 1912 780 illis
1954 745 2122 789 videlieet,
2163 756 2226 790 que

359 809 544 842 iudicialem
575 812 744 853 requirnnt
777 809 978 851 indaginem.
1010 809 1189 840 summarie
1219 811 1248 839 et
1280 806 1320 839 de
1350 806 1448 852 plano
1477 809 1548 840 sine
1578 809 1715 852 strepitu
1746 811 1776 851 et
1807 806 1913 851 ligura
1943 806 2065 849 iudicii,
2095 809 2125 839 in
2155 805 2227 839 aliis

358 881 453 903 vero.
485 874 577 914 prout
611 870 748 914 qualitas
779 880 893 902 eornm
925 871 1091 912 exegerit.
1122 869 1250 901 iusticie
1279 867 1573 913 eompleinentinn.
1604 871 1825 913 occupatores
1855 878 1912 900 seu
1935 867 2127 900 detentores
2149 878 2226 899 mo-

358 930 533 963 lestatores
571 942 629 963 seu
670 934 919 975 presumptores
963 934 991 961 et
1038 931 1248 961 iniuriatores
1283 927 1470 961 Iniiusmodi
1511 939 1641 961 necnon
1685 927 1950 961 contradictores
1993 926 2157 972 quoslibet
2194 931 2224 960 et

360 990 502 1023 rebelles
532 993 758 1034 cuiuscunque
788 990 967 1033 dignitatis.
998 993 1113 1022 status.
1143 988 1279 1031 gradus2
1302 988 1426 1021 ordinis
1456 989 1509 1022 vet
1531 988 1737 1021 condicionis
1758 990 1940 1027 extiterint,
1961 987 2226 1033 quandocunque

359 1055 387 1083 et
420 1053 690 1095 quocieseunque
720 1050 917 1095 expedierit.
947 1052 1145 1082 auctoritate
1165 1053 1279 1083 nostra
1308 1060 1368 1094 per
1397 1059 1573 1082 censuram
1595 1049 1858 1082 ecclesiasticam
1879 1048 2108 1094 appellaeione
2128 1053 2228 1094 post-

359 1114 463 1156 posita
494 1110 751 1156 eompeseemto.
784 1113 938 1144 invocato
969 1109 1008 1142 ad
1040 1109 1116 1151 boc,
1138 1112 1164 1144 si
1185 1121 1268 1155 opus
1297 1110 1406 1149 suerit„
1428 1109 1553 1142 auxilio
1574 1108 1702 1142 brachii
1722 1108 1895 1143 secularis.
1926 1108 2000 1142 Non
2022 1108 2228 1143 obstantibus

359 1178 421 1203 tam
461 1171 564 1203 t'elieis
604 1170 852 1203 reeordaeionis
884 1170 1045 1203 Bonisaeii
1085 1182 1170 1216 pape
1207 1170 1297 1204 vill.
1334 1169 1586 1215 predecessoris
1624 1172 1741 1212 nostri,
1779 1172 1808 1203 in
1843 1169 1961 1214 quibus
1999 1173 2150 1211 cavetur,
2186 1180 2228 1203 ne

359 1234 430 1275 quis
460 1236 553 1263 extra
585 1242 675 1263 snam
707 1234 873 1264 civitatem
905 1235 934 1263 et
966 1230 1125 1265 diocesim
1163 1233 1224 1264 nisi
1255 1234 1286 1264 in
1315 1233 1416 1264 certis
1446 1233 1596 1275 exceptis
1633 1229 1765 1263 casibus
1801 1234 1832 1263 et
1861 1232 1892 1263 in
1922 1229 1983 1263 illis
2013 1229 2096 1263 ultra
2129 1241 2226 1264 unam

360 1292 480 1324 dietam
511 1303 527 1323 a
559 1292 622 1324 line
652 1303 710 1324 sue
745 1292 887 1325 diocesis
924 1291 963 1324 ad
1001 1291 1155 1325 iudicium
1191 1295 1366 1334 evocetur,
1397 1302 1455 1325 seu
1494 1302 1536 1324 ne
1567 1290 1699 1335 judices
1735 1295 1768 1324 et
1802 1295 2063 1325 conservatores
2100 1303 2117 1324 a
2147 1291 2227 1325 sede

360 1352 504 1396 deputati
535 1352 681 1396 predicta
712 1357 806 1385 extra
837 1352 917 1385 duas
948 1352 1052 1385 dietas
1082 1352 1198 1397 aliquis
1228 1354 1426 1385 auctoritate
1455 1354 1665 1397 presencium
1695 1362 1761 1385 non
1791 1351 1952 1395 trabatur,
1982 1362 2041 1385 seu
2071 1351 2157 1397 quod
2188 1351 2228 1385 de

359 1412 428 1445 aliis
459 1423 554 1456 quam
586 1412 625 1444 de
665 1412 846 1445 manifestis
882 1415 1008 1446 iniuriis
1047 1417 1079 1446 et
1117 1413 1291 1447 violenciis
1330 1417 1362 1445 et
1399 1412 1482 1446 aliis.
1522 1423 1586 1457 que
1624 1411 1810 1445 iudicialem
1847 1412 2036 1457 indaginem
2076 1415 2226 1457 exigunt.

358 1475 450 1517 penis
480 1475 510 1505 in
541 1484 599 1504 eos
629 1475 654 1505 si
684 1483 781 1504 serus
811 1475 939 1511 offex-int
971 1477 999 1506 et
1031 1475 1063 1506 in
1092 1473 1121 1506 id
1152 1477 1373 1518 procurantes
1402 1472 1540 1506 adiectis
1569 1476 1830 1506 conservatores
1850 1484 1887 1506 se
1908 1472 2094 1506 nullatenus
2117 1476 2227 1507 intro-

359 1535 495 1565 mittant.
526 1543 621 1576 quam
652 1532 722 1565 aliis
753 1532 1003 1578 quilmseunqne
1033 1533 1329 1567 emistitucioniluis
1359 1544 1377 1566 a
1407 1532 1705 1579 predecessoribus
1745 1536 1867 1567 nostris
1904 1536 2052 1569 romanis
2089 1532 2226 1580 pontili-

359 1592 450 1625 eibus
481 1597 544 1625 tam
575 1592 615 1625 de
640 1592 807 1635 judicibus
838 1593 1000 1637 delegatis
1031 1598 1063 1627 et
1091 1593 1388 1628 conservatoribus
1418 1605 1516 1639 quam
1545 1596 1698 1639 personis
1730 1593 1814 1627 ultra
1836 1599 1962 1627 certum
1992 1606 2166 1628 numerum
2187 1595 2226 1629 ad

358 1653 508 1685 iudiciuin
541 1664 604 1685 non
635 1653 794 1687 vocandis
824 1659 874 1686 aut
907 1654 978 1687 aliis
1009 1654 1115 1688 editis.
1147 1666 1210 1700 que
1241 1659 1355 1688 vestre
1383 1659 1520 1700 possent
1550 1657 1581 1688 in
1611 1654 1674 1687 hac
1704 1659 1797 1700 parte
1818 1654 2042 1688 iurisdiccioni
2076 1660 2131 1689 aut
2159 1666 2225 1701 po-

360 1716 465 1745 testati
496 1715 633 1757 eiusque
663 1713 767 1746 libero
797 1717 967 1747 exercicio
998 1715 1247 1760 quomodolibet
1276 1715 1427 1752 obviare,
1449 1727 1508 1748 seu
1538 1718 1564 1749 si
1595 1715 1757 1760 aliquibus
1779 1719 2000 1749 communiter
2020 1716 2075 1749 vel
2095 1716 2226 1750 divisim

359 1784 375 1805 a
406 1772 532 1817 prefata
562 1776 598 1805 sit
631 1774 710 1806 sede
741 1774 910 1808 indultum.
941 1775 1028 1820 quod
1059 1778 1346 1809 excommunicari
1376 1775 1531 1821 suspendi
1563 1776 1616 1809 vel
1647 1776 1811 1819 interdtct,
1842 1787 1901 1809 seu
1931 1780 2026 1809 extra
2055 1776 2109 1810 vel
2144 1776 2227 1810 ultra

359 1837 448 1864 eerta
480 1833 549 1865 toea
580 1833 618 1865 ad
650 1833 801 1867 iudiciuin
833 1838 969 1868 evocari
998 1846 1063 1868 non
1093 1839 1232 1881 possint.
1262 1847 1322 1882 per
1360 1836 1473 1870 literas
1508 1837 1709 1882 apostolicas
1738 1847 1804 1870 non
1841 1835 2002 1870 facientes
2032 1837 2161 1882 plenam
2196 1841 2229 1870 et

359 1903 553 1937 expressam
584 1904 622 1925 ae
653 1893 692 1926 de
724 1894 828 1927 verbo
859 1895 897 1928 ad
928 1895 1068 1929 verbum
1100 1897 1140 1929 de
1169 1896 1294 1930 indulto
1323 1896 1511 1931 huiusmodi
1541 1901 1572 1930 et
1601 1908 1716 1930 eorum
1747 1899 1912 1942 personis,
1934 1897 2028 1940 locis,
2056 1897 2227 1931 ordinibus

360 1957 388 1984 et
420 1952 604 1985 nominibus
636 1956 776 1998 propriis
807 1958 1015 1989 mencionem
1047 1961 1079 1989 et
1108 1956 1253 2002 qnalibet
1282 1957 1343 1990 alia
1375 1957 1461 1990 dicte
1491 1957 1579 1991 sedis
1609 1957 1820 2002 indulgencia
1841 1957 1992 2001 generali
2014 1957 2067 1991 vel
2090 1957 2225 2003 speciali

360 2015 583 2057 cuiuscunque
613 2016 737 2045 tenoris
768 2017 899 2049 existat.
931 2028 990 2061 per
1019 2028 1115 2061 quam
1146 2017 1357 2063 presentibus
1387 2029 1452 2051 non
1482 2028 1680 2063 expressam
1709 2017 1763 2052 vel
1793 2017 1938 2051 totaliter
1971 2029 2036 2051 non
2067 2020 2224 2051 insertam

361 2078 471 2105 xestre
502 2073 741 2106 iurisdieeionis
772 2075 957 2120 explieaeio
987 2080 1018 2110 in
1050 2077 1111 2111 hae
1142 2082 1236 2123 parte
1266 2078 1375 2112 valeat
1406 2077 1653 2124 quomodolibet
1687 2078 1837 2124 impediri
1858 2082 1891 2111 et
1920 2078 1960 2111 de
1981 2090 2044 2123 qua
2066 2081 2226 2123 cuiusque

360 2138 426 2166 toto
457 2137 572 2166 tenore
602 2134 642 2165 ‹te
673 2134 777 2167 verbo
807 2136 845 2168 ad
877 2136 1015 2171 verbum
1049 2138 1201 2172 habenda
1238 2141 1276 2171 sit
1308 2141 1337 2171 in
1369 2142 1490 2172 nostris
1520 2139 1636 2173 litteris
1676 2141 1806 2171 mencio
1845 2138 2010 2184 specialis.
2069 2137 2224 2172 Ceterum

359 2193 509 2225 volumus
539 2198 568 2226 et
599 2194 779 2238 apostolica
811 2200 1007 2230 auetoritate
1037 2198 1260 2234 decernimus.
1295 2199 1381 2244 quod
1411 2199 1547 2244 quilibet
1566 2204 1716 2233 vestrum
1744 2201 1900 2244 prosequi
1922 2199 2033 2232 valeat
2052 2199 2224 2233 articulum

357 2257 462 2286 eciam
494 2265 552 2298 per
582 2254 679 2287 atium
712 2255 901 2289 inchoatum
933 2262 1086 2302 quamvis
1119 2260 1205 2293 idem
1236 2259 1397 2293 inchoans
1427 2260 1516 2293 nullo
1556 2259 1791 2305 impedimento
1821 2259 1920 2292 suerit
1949 2263 2111 2293 canonico
2141 2272 2225 2306 pre-

358 2315 495 2357 peditus,
527 2315 679 2359 quinique
710 2326 725 2347 a
757 2315 829 2349 data
862 2322 1073 2362 presencium
1103 2323 1143 2353 sit
1173 2320 1269 2354 vobis
1299 2332 1338 2353 ac
1367 2323 1544 2365 unicuique
1573 2324 1724 2354 vestrum
1754 2322 1787 2353 in
1816 2323 1988 2365 premissis
2018 2320 2173 2355 omnibus
2194 2325 2224 2354 et

359 2385 472 2406 eorum
502 2375 639 2411 sumnus
670 2379 773 2420 ceptis
803 2382 832 2409 et
864 2389 928 2410 non
959 2382 1063 2424 ceptis
1093 2380 1304 2425 presentibus
1334 2385 1366 2414 et
1404 2380 1521 2415 futuris
1550 2385 1744 2426 perpetuata
1783 2385 1931 2425 potestas
1970 2385 2002 2414 et
2037 2381 2225 2415 iurisdiccio

359 2434 522 2466 attributa.
554 2439 582 2466 ut
615 2448 655 2466 eo
686 2447 805 2473 vigore
835 2448 941 2481 eaque
979 2438 1131 2472 firmitate
1161 2443 1293 2485 possitis
1331 2443 1363 2474 in
1403 2444 1574 2486 premissis
1619 2441 1771 2475 omnibus
1810 2444 1914 2486 ceptis
1952 2446 1985 2474 et
2020 2452 2083 2474 non
2122 2443 2226 2486 ceptis

357 2494 565 2537 presentibus⁴
595 2500 622 2527 et
657 2495 771 2529 t'uturis
802 2502 830 2529 et
862 2509 922 2542 pro
952 2499 1109 2543 predictis
1138 2501 1325 2545 procedere
1355 2512 1395 2534 ac
1424 2504 1451 2535 si
1472 2501 1620 2546 predicta
1650 2504 1759 2534 omnia
1790 2505 1821 2535 et
1843 2501 1973 2545 singula
1994 2512 2107 2534 coram
2128 2501 2225 2535 vobis

359 2558 453 2597 eepta
485 2554 618 2586 tuissent
650 2560 679 2587 et
712 2556 899 2590 iurisdieeio
930 2563 1043 2591 vestra
1073 2565 1106 2592 et
1135 2561 1309 2594 cuiuslibet
1338 2566 1487 2595 vestrum
1520 2564 1550 2594 in
1579 2561 1736 2607 predictis
1766 2561 1919 2595 omnibus
1940 2566 1971 2595 et
2000 2562 2139 2606 singulis
2166 2573 2226 2607 per

361 2616 556 2647 eitacionem
602 2615 652 2648 vel
694 2617 825 2649 modum
864 2618 961 2650 atium
999 2625 1192 2664 perpetuata
1232 2622 1413 2666 legitimum
1451 2625 1614 2656 extitisset
1656 2625 1898 2656 constitucione
1937 2622 2084 2668 predicta
2124 2633 2226 2667 super

361 2674 654 2708 conservatoribus
685 2681 713 2709 et
745 2677 806 2709 alia
836 2677 979 2722 qualibet
1015 2681 1047 2712 in
1076 2684 1279 2715 contrarium
1309 2682 1415 2715 edicta
1445 2693 1512 2716 non
1549 2682 1714 2716 obstante.
1763 2681 1977 2716 Presentibus
2004 2686 2079 2727 post
2118 2685 2222 2727 quin-
