2336 3074
390 468 487 500 ΙίἸιί·
518 479 579 498 ron
603 466 791 509 Nlernlwiy
812 466 936 510 lwfree'l
965 467 1020 499 die
1040 466 1143 500 Stacll
1164 465 1354 509 Nlerulwry
1375 466 1442 499 und
1470 465 1544 499 ihre
1566 465 1714 509 Biliyer„
1733 466 1858 500 welche
1879 466 1969 500 malie
1990 467 2248 500 Anrerwamlle

584 527 827 560 ln'nterlnssen.
859 538 931 560 rom
963 527 1275 572 llei'mfa[lsi-velita
1310 526 1368 560 Ι)Ι.
1400 525 1591 570 Sternbery
1620 527 1679 560 22.
1712 526 1905 561 November
1938 527 2046 562 1381.

541 611 628 664 λικε
659 630 774 664 Petrus
803 631 843 664 de
873 631 1060 670 Sternbere·
1091 632 1345 665 notuml'acimus
1376 635 1492 665 tenore
1522 635 1732 677 presencium
1763 635 1942 675 universis,
1964 632 2049 677 quod
2072 635 2247 667 exanimo

385 693 614 725 desiderantes
644 693 830 737 profectum
861 697 891 726 et
922 693 1091 726 utilitatem
1123 695 1281 726 maiorem
1304 695 1447 726 civitatis
1472 697 1586 726 nostre
1607 692 1794 737 Stcrnbcrg·
1823 697 1855 726 et
1884 695 1986 738 ipsius
2006 692 2153 727 suburbii
2174 704 2248 727 cum

384 756 451 786 >uis
481 756 708 798 pertinenciis.
738 757 768 785 ut
801 756 869 798 ipsa
899 756 1018 787 civitas
1048 758 1159 786 nostra
1199 763 1272 785 cuin
1303 752 1433 787 civibus
1472 758 1504 787 et
1533 754 1649 788 incolis
1687 753 1806 787 ibidem
1846 758 1984 799 possent
2019 754 2187 788 meliorari
2217 758 2249 788 et

385 816 559 859 presertim
590 825 663 847 cum
694 818 770 859 aput
795 815 870 857 jura
902 816 1047 859 ipsorum
1078 817 1333 848 conservantur.
1364 825 1424 859 pro
1463 826 1528 860 quo
1558 815 1676 860 prel'ati
1716 817 1810 848 cives
1840 817 1870 848 in
1901 814 2089 859 Sternberg
2119 819 2152 849 et
2180 819 2247 849 tota

384 877 570 907 commutas
606 873 725 908 ibidem
765 874 859 908 nobis
897 875 1136 920 supplicarunt,
1175 878 1338 919 quatenus
1375 879 1453 920 aput
1486 877 1562 919 jura
1598 879 1628 909 et
1668 874 1838 909 libertates
1876 879 1908 908 et
1943 876 2133 921 specialiter
2172 880 2250 922 aput

384 934 624 968 devolat-iones
654 934 757 969 dictas
787 935 920 981 odmrty
942 938 1030 980 ipsos
1050 937 1206 975 graciose
1227 935 1443 979 dignaremur
1462 947 1681 969 conservare.
1712 935 1781 970 Nos
1803 938 1903 979 igitur
1922 935 2078 981 precibus
2100 938 2246 982 ipsorum

385 995 641 1029 racionabilibus
672 996 827 1030 inclinati.
858 996 996 1029 consilio
1026 999 1208 1029 amicorum
1238 1007 1276 1029 ac
1316 995 1459 1029 fidelium
1489 1001 1678 1031 nostrorum
1718 995 1893 1042 prehabito
1929 996 2015 1030 dicte
2053 999 2178 1031 civitati
2217 999 2248 1030 in

385 1055 573 1100 Sici-uberg
603 1061 631 1089 et
664 1059 764 1102 ipsius
794 1056 952 1090 suburbio
983 1068 1055 1089 cum
1086 1059 1153 1090 suis
1174 1059 1388 1102 pertinenciis
1414 1068 1453 1090 ac
1482 1056 1611 1091 civibus
1633 1061 1665 1090 et
1684 1056 1872 1091 hominibus
1893 1055 2012 1090 ibidem
2034 1055 2248 1102 presentibus

384 1122 544 1162 perpetue
574 1117 789 1150 concedimus
825 1121 854 1150 ct
893 1117 1066 1152 donamus.
1097 1121 1128 1150 ut
1167 1116 1303 1162 quilibet
1340 1120 1487 1163 ipsorum
1526 1120 1647 1152 civium
1688 1122 1720 1151 et
1757 1116 1939 1160 hominium
1976 1120 2030 1163 qui
2069 1116 2248 1151 heredibus

383 1182 525 1211 careret.
556 1180 661 1223 possit>
688 1176 774 1211 bona
804 1189 874 1211 sua.
906 1177 1061 1211 videlieet
1091 1189 1193 1219 aeros
1223 1177 1263 1211 ab
1293 1181 1426 1223 antiquo
1456 1179 1495 1211 ad
1526 1181 1694 1213 civitatem
1723 1181 1930 1224 pertinentes
1960 1178 2109 1224 aliasque
2129 1188 2249 1212 omnes

383 1250 437 1271 res
467 1243 497 1271 ct
528 1238 682 1283 quidquid
705 1238 891 1273 habuerint.
914 1238 1005 1272 (lare.
1027 1238 1143 1282 legare
1170 1243 1202 1272 et
1224 1239 1403 1285 disponere
1424 1242 1621 1284 cuicumque
1641 1239 1786 1273 voluerit
1807 1250 1866 1284 pro
1887 1242 1977 1272 omni
1998 1250 2056 1273 sua
2078 1239 2249 1273 voluntate

382 1299 565 1332 secunthun
590 1300 657 1342 jus.
688 1304 783 1344 prout
822 1303 974 1333 civitates
1002 1299 1156 1333 Moravie
1195 1304 1284 1333 terre
1320 1304 1351 1333 et
1390 1302 1581 1333 nominatim
1621 1299 1781 1333 Olonna-z
1817 1305 1872 1333 aut
1908 1300 2085 1346 Unyczow
2123 1298 2249 1333 habere

384 1359 611 1392 dinoscuntur.
643 1360 678 1393 Si
709 1365 817 1393 autem
848 1360 964 1405 aliquis
994 1372 1037 1393 ex
1067 1363 1127 1395 cis.
1158 1359 1337 1394 heredibus
1376 1371 1507 1403 carens„
1538 1363 1610 1394 sine
1639 1362 1727 1393 omni
1757 1360 1980 1406 disposicione
2010 1365 2042 1393 et
2070 1359 2247 1405 legacione

383 1419 575 1454 decederet.
606 1424 729 1453 extunc
759 1424 866 1453 onmia
898 1420 982 1454 bona
1011 1432 1069 1454 sua
1100 1424 1172 1465 agri
1202 1421 1241 1454 ad
1272 1424 1440 1455 civitatem
1480 1420 1520 1454 ab
1549 1423 1683 1465 antiquo
1718 1423 1923 1466 pertinentes
1961 1425 1992 1455 et
2030 1421 2093 1454 alie
2131 1431 2248 1455 omnes

384 1491 449 1513 res.
481 1483 542 1513 sint
573 1491 694 1525 magne
724 1481 777 1514 vel
808 1481 949 1517 modice.
970 1493 1070 1527 super
1099 1484 1370 1527 propinquiorem
1392 1484 1546 1523 amicum,
1567 1483 1594 1515 si
1615 1483 1687 1526 quis
1708 1484 1848 1526 reperiri
1869 1484 2002 1527 poterit,
2024 1481 2248 1515 devolventur

383 1540 510 1585 absque
539 1545 653 1574 nostro
683 1546 712 1574 et
744 1546 931 1575 nostrorum
962 1542 1122 1576 heredum
1144 1554 1183 1575 ac
1209 1554 1443 1577 successorum
1466 1541 1612 1587 quolibet
1632 1542 1879 1587 impedimento.
1910 1541 2249 1587 l'romittimusigitur

383 1613 444 1635 nos
475 1601 589 1635 Petrus
618 1602 766 1647 prel'atus
796 1614 855 1648 pro
884 1603 991 1639 uobis.
1021 1606 1143 1638 uostris
1173 1603 1353 1637 heredibus
1382 1608 1415 1637 et
1449 1601 1715 1646 suecessoribus,
1745 1605 1798 1647 qui
1827 1607 1943 1648 postea
1974 1602 2097 1636 domiui
2126 1601 2250 1636 suerint

384 1665 413 1695 in
445 1661 643 1705 Sternberg‘.
665 1667 777 1695 nostra
808 1662 870 1695 lide
891 1666 1021 1697 sincera
1042 1663 1168 1709 absque
1189 1664 1264 1698 dolo
1284 1664 1467 1710 predictam
1489 1666 1657 1697 civitatem
1678 1667 1825 1697 nostram
1847 1662 2047 1707 Sternberg„
2069 1662 2247 1697 homines—

383 1734 447 1767 que
477 1727 506 1755 et
538 1722 663 1755 incolas
692 1726 793 1768 ipsius
823 1735 896 1756 cum
926 1727 993 1757 suis
1023 1727 1237 1770 pertinenciis
1258 1729 1336 1770 aput
1362 1726 1435 1769 jura
1466 1728 1498 1758 et
1517 1724 1757 1758 devoluciones
1778 1723 2014 1758 inviolabiliter
2034 1728 2065 1757 et
2086 1727 2248 1769 perpetue

383 1782 566 1816 secundum
597 1783 870 1817 consuetiulinem
902 1789 933 1817 et
957 1786 1012 1827 jus
1035 1789 1123 1819 terre
1144 1785 1393 1819 marchionatus
1412 1784 1566 1819 Moravie
1595 1788 1628 1817 et
1656 1786 1814 1830 precipue
1831 1787 2001 1818 civitatum
2022 1783 2246 1830 predictarum

383 1855 591 1877 conservare
621 1848 650 1877 et
683 1847 712 1877 in
743 1845 831 1877 nullo
860 1856 1014 1890 umquam
1037 1849 1125 1891 ipsos
1145 1857 1206 1892 per
1226 1857 1298 1890 nos„
1320 1851 1453 1879 nostros
1483 1844 1626 1879 heredes
1656 1849 1685 1878 et
1707 1856 1925 1879 successores
1946 1844 2074 1878 futuros
2095 1844 2247 1878 dominos

384 1906 415 1936 in
446 1903 633 1947 Stoi-ubere⁴
663 1905 822 1949 impedire
851 1910 904 1938 aut
935 1910 1048 1939 contra
1074 1908 1130 1950 jus
1158 1909 1305 1952 ipsorum
1335 1906 1511 1952 quidquam
1541 1909 1758 1951 attemptareg
1787 1908 1848 1939 nisi
1878 1905 2048 1939 dumtaxat
2076 1907 2104 1939 si
2130 1905 2246 1950 aliquis

384 1967 455 1997 sine
485 1964 709 2009 disposicione
739 1970 791 1998 aut
822 1966 997 2009 legacione
1026 1966 1207 2000 decederet
1236 1971 1267 2000 et
1296 1967 1381 2012 quod
1412 1967 1519 2001 nullus
1554 1969 1681 2000 amicus
1719 1969 1922 2012 propinquus
1950 1970 2065 2012 posset
2092 1968 2246 2012 reperiri,

384 2029 508 2057 extunc
538 2036 639 2069 snper
668 2036 739 2059 uos.
771 2030 902 2059 nostros
932 2026 1075 2061 heredes
1106 2032 1135 2061 et
1166 2038 1396 2072 successores5
1427 2028 1579 2062 dominos
1609 2031 1641 2062 in
1671 2027 1871 2071 Sternbergff
1901 2027 1976 2060 talia
2005 2026 2092 2061 bona
2121 2026 2245 2061 devol—

385 2089 516 2118 ventur.
548 2085 642 2118 salvo
672 2090 781 2119 tamen
811 2089 956 2132 ipsorum
987 2090 1108 2121 civium
1139 2099 1273 2133 semper
1298 2089 1386 2132 jure.
1416 2089 1470 2122 Ad
1500 2092 1592 2122 cuius
1628 2091 1676 2122 rei
1705 2090 1898 2122 memoriam
1929 2092 2104 2133 presentes
2133 2087 2245 2121 literas

383 2145 533 2178 dedimus
562 2146 658 2189 sigilli
689 2149 791 2179 nostri
821 2150 999 2181 munimine
1029 2148 1203 2182 roboratas
1233 2153 1265 2182 et
1293 2149 1333 2182 ad
1363 2152 1523 2183 maiorem
1544 2149 1706 2183 cautelam
1736 2151 1931 2193 rogavimus
1952 2151 1983 2181 in
2019 2151 2243 2182 testimonium

384 2204 511 2238 nobiles
541 2205 691 2239 ‹lominos
721 2206 932 2241 Sdenconem
968 2208 1008 2241 de
1038 2208 1226 2254 Sternberg
1255 2213 1287 2243 et
1320 2209 1453 2243 Petrum
1481 2210 1521 2243 de
1554 2209 1695 2252 Cravar,
1722 2213 1757 2242 ut
1793 2207 2003 2254 presentibus
2041 2208 2149 2254 sigilla
2186 2219 2245 2243 sua

383 2270 547 2310 tamquam
578 2266 727 2310 legittimi
757 2270 860 2300 nostri
890 2279 1132 2312 congressor-es
1162 2274 1379 2315 apponerent,
1409 2281 1548 2315 quorum
1578 2270 1685 2315 sigilla
1715 2271 1819 2302 eciam
1849 2271 1880 2301 iu
1911 2271 2133 2302 testiinonium
2170 2272 2246 2303 sunt

383 2336 540 2370 appensa.
598 2326 715 2360 Datum
763 2327 949 2373 Sternbere·
993 2340 1079 2362 anno
1118 2329 1240 2363 domini
1278 2330 1452 2365 millesimo
1490 2333 1727 2365 trecentesimo
1765 2332 1994 2374 octuagesimo
2034 2332 2154 2376 primo,
2193 2329 2246 2363 die

383 2390 498 2419 sancte
528 2385 652 2420 Ceeilie
680 2389 832 2431 virginis.

1516 2442 1579 2476 Per
1607 2441 1794 2476 Johannem
1825 2442 1866 2476 de
1896 2441 2138 2476 Sudomiericz.

695 2526 785 2559 (Oris-r.
811 2527 892 2561 Pers-5.
918 2528 934 2552 “2
960 2528 986 2553 h.
1011 2528 1068 2562 Sig.
1093 2529 1142 2554 ‹ler
1166 2529 1336 2564 Sternberge
1367 2530 1404 2556 im
1428 2530 1547 2556 weissen
1573 2530 1706 2561 VVachse,
1730 2531 1780 2556 das
1805 2530 1862 2565 Sig.
1887 2531 1936 2556 des
1967 2539 2023 2556 von
2048 2528 2162 2555 Kravdf·
2193 2528 2245 2555 ab-

795 2579 921 2612 gerissen
947 2580 983 2604 im
1008 2580 1132 2606 Areliive
1158 2581 1207 2607 der
1231 2581 1313 2607 stadt
1337 2581 1499 2616 Steruberg.
1525 2597 1563 2600 —
1589 2582 1649 2607 Das
1678 2582 1807 2616 lVappen
1832 2583 1881 2608 des
1905 2582 1989 2607 Peter
2012 2590 2068 2608 vou
2092 2580 2245 2614 Sternberg

798 2631 872 2661 zois-rt
896 2631 973 2656 bloss
1006 2632 1056 2657 slas
1081 2632 1178 2657 Schild
1211 2633 1260 2658 mit
1293 2633 1355 2659 dem
1389 2633 1527 2667 Seckigeu
1560 2633 1668 2665 Sterne,
1694 2634 1744 2659 das
1773 2634 1822 2659 des
1854 2633 1969 2659 Zdenko
2001 2633 2051 2658 hat
2081 2633 2151 2658 iiber
2182 2632 2243 2658 dem

799 2682 912 2707 ‚Sc-hilde
937 2683 1010 2708 noch
1036 2684 1089 2709 den
1115 2684 1206 2710 Helm.
1232 2685 1283 2710 auf
1305 2685 1439 2710 welclieui
1465 2685 1568 2711 wieder
1592 2685 1640 2710 der
1664 2685 1832 2719 acliteckige
1857 2684 1963 2719 Stern)
