2336 3074
1009 222 1077 256 129

110 328 310 362 ordinariam
341 331 582 374 interponimus
611 331 643 361 et
671 327 854 361 decretum.
900 326 1008 359 Prima
1038 336 1121 359 vero
1150 326 1246 358 litera
1277 330 1346 359 erat
1377 330 1452 359 octo
1491 325 1608 370 sigillis
1638 325 1787 359 rotundis
1826 325 1866 358 de
1896 336 1974 358 cera

111 388 183 423 alba
213 392 379 422 communi
413 388 634 435 pendentibus
671 391 702 422 in
745 387 904 434 pressulis
942 388 1138 432 pergameni
1177 386 1331 431 sigillata.
1370 389 1400 419 in
1440 397 1579 430 quorum
1617 385 1748 430 quidem
1788 385 1973 430 sigillorum

110 452 216 495 primo
245 450 393 495 clippeus
422 452 616 495 tripartitus,
645 460 746 494 super
775 458 872 493 quem
902 447 1010 492 gallea
1042 451 1074 479 et.
1102 449 1133 479 in
1163 458 1201 479 ea
1239 446 1303 479 (luo
1340 457 1465 479 cornua
1504 445 1721 491 apparebant.
1751 446 1859 479 littere
1890 456 1972 478 vero

111 509 438 543 circumferenciales
468 510 615 543 eiusdem
645 512 741 555 primi
770 508 868 553 sigilli
897 508 979 542 tales
1009 511 1123 541 erant:
1154 508 1181 550 —3-
1210 505 1245 539 S.
1275 506 1447 539 wilhelmi
1478 506 1517 539 de
1538 505 1726 550 Egerberk.
1757 506 1792 540 In
1823 506 1972 540 secundo

111 580 193 603 vero
221 570 330 614 sigillo
360 570 489 615 quidam
521 569 680 615 clippeus‚
710 572 742 602 in
771 580 835 614 quo
865 568 929 602 duo
959 571 1042 602 rami
1077 578 1137 613 per
1167 566 1298 600 modum
1329 570 1450 608 crucis.
1481 569 1534 611 qui
1564 570 1595 600 in
1626 567 1755 611 vulgari
1794 566 1971 600 bohemico

111 634 242 676 ostrwy
270 630 434 667 dicuntur,
464 634 496 664 et
524 641 623 676 supra
652 633 758 675 ipsum
789 630 910 675 gallea,
940 632 971 663 in
1001 640 1063 674 qua
1093 630 1193 674 piscis
1222 638 1295 660 cum
1326 627 1571 660 convolucione
1599 638 1795 672 pennarum.
1826 627 1911 672 quod
1940 629 1972 660 in

110 690 260 736 predicto
276 691 408 735 vulgari
424 690 528 736 kytha
544 690 674 733 dicitur,
690 689 904 733 videbantur.
926 692 1018 723 cuius
1034 689 1130 722 litere
1147 687 1476 721 circumfereneiales
1492 687 1574 720 tales
1591 692 1705 720 erant:
1736 689 1762 730 ἦ
1783 687 1818 721 S.
1836 687 1972 720 Henrici

110 750 151 784 de
179 750 281 796 Lippa
309 750 448 784 Boemie
477 753 595 784 summi
624 749 835 784 marschalci.
865 749 902 783 In
932 752 1037 783 tercio
1073 753 1183 782 autem
1213 747 1322 792 sigillo
1352 747 1484 792 quidam
1514 747 1675 792 clippeus,
1705 750 1735 780 in
1766 759 1830 792 quo
1859 748 1910 780 ala
1940 752 1973 781 et

110 821 208 856 supra
248 811 389 844 eundem
431 811 540 856 gallea
579 822 653 844 cum
690 811 741 844 ala
776 810 976 844 videbantur
1013 814 1045 843 et
1092 811 1194 854 ipsius
1229 808 1324 841 litere
1369 806 1699 840 circumferenciales
1738 807 1819 840 tales
1857 812 1970 840 erant:

109 873 136 914 -ί-
164 870 199 904 S.
229 871 392 904 Johannis
421 871 461 905 de
489 870 678 905 Mezerecz.
708 871 745 905 In
775 875 892 916 quarto
921 875 1031 904 autem
1060 870 1169 914 sigillo
1199 869 1347 914 clippeus
1377 879 1450 902 cum
1481 867 1608 901 duobus
1637 870 1737 901 ramis
1758 879 1818 913 per
1838 868 1971 901 modum

109 933 219 964 crucis
248 935 280 964 et
307 931 417 976 gallea
447 942 521 965 cum
550 933 642 977 pisce
671 943 710 964 ac
739 931 984 965 convolucione
1012 940 1196 976 pennarum
1226 940 1287 975 per
1325 931 1434 962 omnia
1472 933 1569 974 prout
1605 931 1636 961 in
1675 928 1783 972 sigillo
1822 928 1970 961 secundo

109 991 259 1036 predicto
289 991 505 1037 apparebant„
545 995 637 1025 cuius
666 992 761 1025 litere.
799 991 1128 1025 circumferenciales
1168 990 1249 1023 tales
1287 993 1401 1023 erant:
1449 990 1475 1032 †
1514 988 1549 1021 S.
1585 987 1722 1021 Henrici
1760 991 1891 1021 iuvenis
1930 988 1970 1021 de

112 1051 223 1097 Lippa.
254 1051 290 1085 In
320 1055 432 1097 quinto
461 1064 545 1085 vero
575 1053 684 1097 sigillo
714 1052 873 1098 clippeus.
904 1055 934 1085 in
965 1063 1029 1096 quo
1067 1051 1173 1093 stella,
1204 1061 1303 1096 supra
1340 1061 1438 1095 quem
1476 1049 1626 1082 similiter
1662 1049 1755 1083 stella
1792 1048 1973 1094 apparebat

109 1115 140 1144 et
170 1112 317 1145 eiusdem
347 1112 442 1145 litere
472 1112 800 1146 circumferenciales
830 1112 912 1145 tales
941 1116 1055 1145 erant:
1086 1114 1113 1155 ἦ
1142 1110 1177 1144 S.
1208 1110 1346 1144 Divissii
1376 1109 1416 1143 de
1446 1109 1640 1142 SternberC.
1671 1109 1707 1142 In
1734 1113 1831 1142 sexto
1862 1113 1971 1141 autem

109 1171 217 1216 sigillo
247 1172 406 1218 clippeus.
436 1175 467 1206 in
497 1184 561 1218 quo
591 1176 712 1217 sagitta
741 1173 826 1206 dicta
865 1175 897 1205 in
926 1172 1059 1216 vulgari
1088 1171 1238 1217 predicto
1267 1170 1401 1213 strzela‚
1431 1180 1529 1215 supra
1569 1180 1666 1214 quem
1696 1169 1816 1213 gallea.
1847 1171 1879 1201 in
1908 1179 1971 1213 qua

109 1231 173 1265 duo
203 1243 328 1266 cornua
357 1232 556 1267 videbantur
585 1237 617 1266 et
645 1236 677 1266 in
706 1244 746 1266 eo
776 1233 871 1266 litere
892 1231 1221 1266 circumferenciales
1243 1231 1326 1264 tales
1355 1235 1470 1263 erant:
1502 1230 1537 1263 S.
1559 1229 1748 1263 W'ockoiiis
1770 1229 1809 1262 de
1831 1228 1969 1262 Crauar.

109 1291 146 1325 In
175 1295 316 1338 septimo
345 1304 430 1327 vero
459 1293 568 1338 sigillo
598 1293 757 1339 clippeus„
787 1296 818 1326 in
849 1304 913 1338 quo
943 1293 992 1326 ala
1023 1297 1054 1326 et
1083 1292 1190 1337 gallea
1221 1292 1372 1326 similiter
1401 1302 1475 1324 cum
1504 1291 1553 1323 ala
1584 1302 1644 1336 per
1673 1293 1782 1323 omnia
1812 1294 1908 1335 prout
1940 1292 1970 1322 in

109 1356 214 1386 tercio
243 1353 352 1398 sigillo
380 1356 567 1399 prescripto
596 1353 812 1400 apparebant,
843 1357 935 1387 cuius
963 1353 1059 1386 litere
1089 1352 1417 1386 circumferenciales
1453 1351 1535 1384 tales
1565 1355 1677 1384 erant:
1709 1350 1744 1384 S.
1775 1349 1900 1383 anete
1930 1349 1970 1382 de

108 1412 298 1459 Lompnicz.
335 1413 371 1448 In
400 1419 521 1448 octavo
551 1418 660 1448 autem
699 1414 808 1459 sigillo
846 1414 993 1460 clippeus
1032 1416 1224 1458 tripartitus.
1254 1415 1286 1445 in
1320 1423 1384 1457 quo
1421 1411 1538 1457 pileus.
1578 1422 1677 1456 supra
1715 1421 1812 1455 quem
1850 1409 1969 1454 globus

111 1474 271 1507 rotundus
299 1474 500 1508 videbantur
529 1479 561 1508 et
590 1477 660 1508 eius
689 1475 784 1508 litere
822 1473 1150 1508 circumferenciales
1179 1473 1261 1507 tales
1291 1476 1405 1506 erant:
1454 1471 1488 1505 S.
1524 1471 1628 1504 Pothe
1664 1471 1704 1504 de
1733 1470 1966 1503 XVildenberlz.

110 1533 264 1568 Secunda
293 1545 377 1568 vero
406 1535 501 1568 litera
531 1539 603 1568 erat
632 1535 759 1568 duobus
789 1535 906 1579 sigillis
935 1537 1049 1580 parvis
1078 1534 1228 1568 rotundis
1264 1533 1304 1567 de
1334 1544 1412 1566 cera
1442 1532 1514 1565 alba
1553 1534 1720 1564 communi
1749 1531 1968 1576 pendentibus

108 1597 140 1627 in
168 1595 327 1640 pressulis
356 1598 553 1640 pergameni
582 1595 735 1639 sigillata.
766 1598 797 1628 in
818 1606 959 1640 quorum
979 1595 1163 1640 sigillorum
1183 1594 1337 1628 videlicet
1359 1596 1465 1638 primo
1486 1592 1634 1637 clippeus
1656 1594 1846 1637 tripartitus.
1869 1602 1968 1637 supra

109 1666 206 1700 quem
234 1655 343 1699 gallea
373 1659 404 1688 et
434 1658 465 1688 in
495 1666 533 1689 ea
563 1658 659 1689 navis
688 1655 893 1700 apparebant
923 1660 955 1689 et
982 1658 1084 1701 ipsius
1113 1655 1208 1688 litere
1230 1653 1557 1687 circumferenciales
1588 1652 1670 1686 tales
1686 1656 1799 1685 erant:
1831 1651 1867 1685 S.
1889 1651 1970 1685 Fri-

108 1716 211 1749 derici
241 1715 281 1749 de
309 1715 520 1760 Egerberch.
576 1716 613 1749 In
642 1716 792 1749 secundo
822 1720 931 1748 autem
961 1716 1069 1760 sigillo
1109 1715 1268 1760 clippeus.
1298 1717 1329 1747 in
1368 1724 1432 1758 quo
1471 1717 1569 1758 caput
1606 1714 1699 1757 porci
1737 1712 1902 1745 silvestris
1941 1716 1973 1744 et

108 1786 206 1821 supra
237 1776 379 1809 eundem
415 1776 536 1821 gallea,
567 1779 598 1809 in
636 1787 699 1821 qua
734 1779 825 1810 canis
863 1775 1079 1821 apparebant,
1110 1778 1203 1808 cuius
1238 1775 1334 1808 litere
1372 1773 1701 1807 circumferenciales
1739 1772 1821 1805 tales
1857 1776 1969 1805 erant:

109 1834 144 1869 S.
174 1835 277 1870 Ulrici
306 1836 347 1869 de
375 1835 539 1870 Zebraco.
570 1835 689 1869 Tereia
720 1847 803 1869 vero
833 1836 927 1869 litera
958 1840 1029 1869 erat
1067 1835 1195 1869 (luobus
1224 1835 1340 1879 sigillis
1379 1845 1444 1867 uno
1474 1834 1629 1867 videlicet
1667 1844 1790 1877 magno
1828 1832 1969 1865 rotundo

108 1895 149 1929 de
178 1907 255 1929 cera
286 1896 358 1929 alba
389 1899 555 1930 communi
585 1899 617 1930 in
646 1896 707 1930 filis
736 1895 830 1929 rubei
860 1901 890 1929 et
919 1896 1029 1941 glauci
1059 1896 1181 1930 coloris
1211 1900 1243 1929 et
1271 1895 1334 1929 alio
1364 1906 1471 1940 parvo
1492 1894 1637 1938 oblongo
1659 1893 1809 1927 similiter
1829 1893 1869 1926 de
1891 1904 1969 1926 cera

109 1955 181 1989 alba
211 1959 377 1990 communi
406 1959 438 1990 in
467 1957 618 2002 pressula
639 1959 835 2002 pergameni
863 1956 1083 2002 pendentibus
1103 1956 1257 2001 sigillata.
1279 1959 1310 1989 in
1341 1966 1404 2000 quo
1427 1954 1557 2000 quidem
1578 1957 1685 1999 primo
1714 1953 1823 1997 sigillo
1844 1963 1969 1998 ymago

110 2017 256 2050 mulieris
285 2017 406 2051 sedens
435 2020 468 2050 in
496 2017 589 2060 sede,
619 2017 746 2051 habens
775 2028 935 2051 coronam
964 2020 997 2051 in
1025 2020 1133 2062 capite
1162 2021 1194 2050 et
1219 2019 1478 2061 circumquaque
1499 2017 1600 2060 ipsius
1620 2016 1788 2060 ymaginis
1809 2013 1969 2058 clippeus.

107 2076 265 2110 videlicet
293 2077 357 2111 duo
386 2080 475 2111 circa
505 2081 603 2123 eaput
632 2082 664 2111 et
693 2077 756 2111 duo
786 2077 825 2110 ad
864 2077 979 2123 pedes,
1008 2080 1041 2110 in
1079 2076 1196 2122 quibus
1235 2079 1308 2109 avis
1344 2076 1403 2109 alis
1442 2077 1591 2109 extensis
1629 2073 1845 2120 apparebant.
1876 2075 1968 2106 cuius

108 2137 203 2171 litere
231 2137 560 2172 circumferenciales
590 2139 672 2172 tales
702 2143 816 2171 erant:
847 2139 874 2181 ἦ·
904 2137 938 2171 S.
969 2137 1142 2171 Elizabeth
1172 2137 1223 2170 dei
1252 2139 1367 2181 gracia
1387 2136 1526 2169 Boemie
1555 2139 1587 2168 et
1606 2134 1742 2167 Polonie
1763 2133 1812 2166 bis
1832 2135 1969 2177 regine3

109 2207 126 2230 a
156 2200 253 2242 tergo
283 2202 392 2231 autem
421 2201 523 2244 ipsius
553 2198 651 2243 sigilli
679 2209 819 2244 parvum
857 2197 1000 2242 sigillum
1037 2197 1225 2240 rotundum,
1256 2200 1287 2230 in
1325 2207 1389 2241 quo
1426 2200 1522 2241 caput
1561 2195 1708 2228 mulieris
1746 2193 1806 2227 sub
1844 2203 1969 2226 corona

109 2257 285 2291 videbatur
314 2263 347 2291 et
374 2261 476 2304 ipsius
505 2258 601 2292 litere
630 2258 959 2292 circumferenciales
989 2258 1072 2291 tales
1102 2261 1214 2290 erant:
1245 2259 1271 2300 ἦ
1301 2256 1335 2289 S.
1366 2255 1515 2289 Elizahet
1545 2255 1597 2288 (lei
1626 2256 1740 2298 gracia
1770 2253 1908 2286 Boemie
1938 2256 1970 2285 et

108 2317 244 2352 Polonie
273 2321 402 2362 regine.
458 2318 494 2352 In
524 2319 671 2352 secundo
700 2330 784 2352 vero
821 2318 930 2363 sigillo
967 2328 1092 2363 ymago
1130 2321 1225 2351 unius
1263 2316 1417 2350 monachi
1455 2319 1487 2349 in
1525 2326 1623 2348 manu
1658 2317 1869 2347 curvaturam
1910 2323 1969 2345 seu

108 2377 261 2411 haculum
290 2378 493 2423 pastoralem
522 2382 639 2412 tenens
669 2378 856 2421 videbatur,
887 2381 979 2411 cuius
1007 2378 1103 2411 litere
1141 2376 1471 2410 circuml'erenciales
1500 2376 1582 2408 tales
1612 2378 1725 2407 erant:
1775 2373 1810 2406 S.
1842 2372 1969 2406 abbatis

109 2438 150 2471 de
179 2438 332 2472 Sedlecz.
363 2438 476 2472 Tenor
505 2443 613 2472 autem
643 2442 748 2485 prime
778 2439 884 2481 litere.
916 2438 956 2471 (le
985 2449 1047 2483 qua
1078 2440 1231 2483 superius
1260 2436 1369 2470 habita
1399 2440 1448 2469 est
1479 2438 1621 2468 mencio.
1643 2438 1715 2467 erat
1744 2438 1776 2466 et
1806 2437 1855 2466 est
1877 2433 1969 2465 talis:

108 2497 183 2542 Ego
212 2497 413 2532 XVilhelmus
453 2498 493 2531 de
523 2498 700 2543 Egerberk
737 2504 800 2533 etc.
857 2498 981 2531 Actum
1019 2502 1051 2531 et¹
1089 2498 1198 2531 datum
1237 2508 1323 2530 anno
1361 2497 1484 2529 domini
1523 2495 1696 2528 millesimo
1733 2496 1971 2527 trecentesimo

108 2560 271 2592 vicesimo
301 2558 448 2592 secundo
477 2561 509 2592 in
539 2557 674 2592 Brunna
703 2559 808 2605 pridie
837 2559 914 2593 Idus
949 2558 1148 2592 Decembris
1182 2557 1267 2602 (vid.
1298 2556 1334 2590 Β.
1365 2556 1422 2590 VI.
1452 2567 1483 2601 p.
1517 2555 1621 2600 ¹162).
1674 2575 1714 2578 ——
1765 2553 1845 2587 Item
1876 2557 1973 2586 tenor

109 2618 256 2652 secunde
284 2618 379 2652 litere
401 2646 558 2653 ......
589 2622 738 2665 sequitur
766 2623 798 2653 in
826 2619 891 2653 hec
923 2618 1047 2652 verba:
1104 2617 1178 2662 Ego
1208 2616 1352 2651 Friczko
1390 2616 1430 2649 de
1458 2614 1657 2660 Egerbercli
1687 2618 1750 2648 etc.
1788 2615 1910 2647 Actum
1942 2616 1972 2645 et

109 2678 219 2711 dat-um
248 2677 383 2712 Brunne
412 2689 498 2712 anno
529 2678 652 2713 domini
682 2680 856 2713 millesimo
886 2681 1121 2712 trecentesimo
1151 2680 1316 2722 vigesimo
1347 2676 1495 2711 secundo
1524 2675 1629 2721 pridie
1658 2674 1819 2708 kalendas
1854 2673 1971 2707 Marcii

1782 2741 1813 2765 17
