2336 3074
987 223 1033 256 23
1040 224 1060 255 3

977 429 1082 464 260.

481 533 674 578 Ero'ffnmigs
703 533 762 566 des
795 532 969 566 Olmiitzer
999 531 1245 566 Laudi-eomes.
1278 533 1310 566 2.
1342 532 1415 565 dala·
1445 532 1554 566 1382.

249 618 366 671 ifinno
396 638 518 671 domini
548 637 722 671 millesimo
752 639 990 671 trecentesimo
1018 640 1250 681 octuagesimo
1280 637 1439 670 secundo.
1462 637 1543 670 scria
1574 641 1689 681 quarta
1720 641 1793 682 post
1813 642 1952 670 octavas

91 701 196 732 sancti
237 698 400 732 Johannis
442 697 590 743 Baptiste
634 697 838 732 celebratum
882 702 931 731 est
975 697 1175 742 colloquium
1216 696 1427 742 presentibus
1465 697 1697 741 infrascripti&
1735 700 1952 730 serenissimo

90 761 240 805 principe
271 759 404 792 domino
433 757 562 791 Jodoco
592 758 786 791 marchione
814 757 980 800 Moravie‚
1011 756 1174 790 Vokcone
1205 757 1245 790 de
1275 756 1417 790 Crawar
1451 768 1607 802 supremo
1646 760 1832 790 camerario
1863 756 1951 790 010-

91 821 271 861 muczensi‚
300 817 478 852 Laczkone
507 818 610 852 fratre
641 821 753 864 ipsius,
783 818 955 851 Herssone
985 818 1025 851 de
1054 817 1254 851 Rolzithnicz
1282 828 1438 862 supremo
1460 817 1628 851 czudario.
1650 816 1788 850 Nicolao
1809 820 1950 850 notario.

88 878 203 913 Ulrico
233 879 273 912 de
302 878 505 922 BozcoviCZ„
537 878 683 912 Stiborio
713 879 753 911 de
783 877 973 922 &imbui-g,
1004 877 1166 910 Vancone
1196 877 1236 909 de
1266 876 1483 921 Potenstcyin
1513 876 1659 909 Ilcnrico
1689 877 1729 909 dc
1759 877 1951 910 Dirnhotcz.

89 939 235 973 Jescoue
266 938 370 973 Pusca
400 939 441 973 de
470 938 619 976 Cunstat.
650 939 829 973 Sdenconc
859 939 899 972 de
928 938 1066 972 Lucow.
1096 937 1263 970 Vilhelmo
1302 936 1342 969 de
1380 935 1464 969 Zlin.
1496 936 1637 970 Allwrto
1673 937 1712 969 de
1752 936 1953 969 Swiethlow

90 999 246 1033 fratribus
289 1000 329 1033 de
373 999 571 1044 Sternberg.
609 999 760 1033 Jarossio
804 999 844 1032 de
887 998 1078 1042 Cziinburg,
1116 997 1309 1030 Proczcone
1353 996 1393 1029 de
1432 996 1570 1039 Buzom
1608 996 1705 1029 Petro
1740 997 1779 1029 de
1817 996 1951 1029 Rosicz.

90 1059 241 1094 Smilone
271 1059 312 1093 de
341 1059 509 1099 Lessnicz,
540 1060 732 1093 Pawlicone
761 1059 802 1093 de
830 1058 1029 1103 Ewlnburg.

401 1138 578 1175 (Gedruckte
603 1138 749 1163 Olmiitzer
773 1136 950 1171 Laudtafel.)

971 1343 1080 1378 261.

129 1445 263 1490 Petrus,
292 1445 444 1490 Be'schof
468 1457 530 1479 ron
564 1446 707 1480 Olnmtz.
738 1446 875 1479 ertheilt
904 1446 994 1479 allen
1025 1444 1200 1488 inolerhaft
1228 1444 1397 1487 Rem'gyen.
1429 1443 1555 1476 welche
1584 1443 1641 1475 die
1674 1442 1755 1476 olm.
1789 1442 1919 1475 lsirelee

366 1506 546 1540 besztclzen.
578 1508 675 1539 einen
707 1506 893 1550 Musiffl'qen
925 1505 1064 1538 Ablass.
1098 1504 1155 1538 Dt.
1187 1504 1336 1537 Modrilz-
1366 1503 1425 1537 29.
1456 1503 1530 1536 Jnle·
1560 1502 1669 1536 1382.

247 1590 385 1643 petrus
421 1610 473 1642 dei
509 1612 623 1654 gracia
664 1612 841 1655 episcopus
884 1609 1117 1643 Olomucensis
1158 1611 1326 1642 universis
1364 1606 1486 1640 Christi
1522 1606 1672 1640 fidelibus
1708 1618 1768 1652 per
1804 1610 1950 1639 nostram

89 1669 197 1704 Oloni.
229 1670 388 1703 diocesim
418 1672 603 1703 constitutis
632 1669 771 1702 salutem
802 1674 834 1703 ct
862 1672 1027 1703 sinceram
1058 1672 1089 1702 in
1129 1669 1261 1702 domino
1291 1671 1475 1701 caritatem.
1532 1667 1586 1700 Ad
1616 1678 1654 1700 ea
1685 1669 1802 1699 merito
1833 1669 1951 1699 mentis

87 1735 202 1764 nostre
231 1733 337 1763 aciem
367 1729 510 1774 figimuse
541 1741 601 1775 per
630 1741 693 1774 que
723 1730 828 1763 cultus
858 1734 1020 1774 augeatur
1040 1730 1171 1763 divinus
1201 1734 1231 1763 et
1262 1728 1383 1762 Christi
1414 1727 1527 1761 fideles
1557 1728 1596 1761 ad
1618 1728 1813 1761 devocionis
1835 1737 1949 1771 opera,

87 1801 148 1836 per
176 1801 240 1835 que
269 1790 425 1823 abiliores
464 1790 644 1823 reddantur
678 1793 792 1834 gracie
831 1790 953 1833 divine,
984 1789 1109 1823 forcius
1145 1792 1332 1822 incitentur.
1389 1787 1470 1821 Cum
1507 1791 1607 1832 igitur
1641 1799 1701 1833 per
1736 1785 1951 1820 honorabiles

87 1853 180 1884 viros
209 1850 361 1884 dominos
382 1850 556 1883 decanum.
578 1852 758 1887 ,canonicos
779 1854 811 1883 et
831 1850 1007 1895 capitulum
1030 1849 1174 1883 ecclesie
1195 1854 1308 1882 nostre
1330 1848 1437 1882 Oloni.
1461 1848 1582 1881 fratres
1602 1852 1735 1881 nostros
1755 1846 1951 1880 karissimos

86 1910 182 1944 nobis
211 1913 337 1944 exstitit¹
365 1910 532 1943 humiliter
567 1910 797 1955 supplicatum.
827 1915 990 1955 quatenus
1027 1910 1066 1943 ad
1102 1909 1279 1943 ecclesiam
1315 1914 1462 1942 nostram
1500 1908 1608 1942 Olom.
1645 1908 1827 1953 predictam
1864 1906 1950 1939 bona

87 1971 230 2016 quedam
272 1971 465 2016 spiritualia.
504 1971 659 2004 videlicet
704 1970 936 2014 indulgencias
974 1975 1006 2003 et
1043 1975 1256 2015 peccatorum
1291 1972 1542 2003 remmissiones
1578 1968 1713 2012 elargiri
1749 1969 1950 2011 generosius

88 2031 315 2076 dignaremur=
353 2042 414 2064 nos
454 2042 569 2064 eorum
607 2030 762 2076 precibus
801 2031 932 2064 devotis
968 2035 1000 2064 et
1034 2029 1211 2064 humilibus
1245 2029 1422 2074 benignius
1458 2039 1606 2062 annuere
1645 2031 1816 2073 cupientes
1852 2030 1883 2058 et
1918 2029 1949 2058 ut

87 2091 206 2125 ibidem
236 2094 269 2124 in
298 2091 443 2125 ecclesia
478 2095 591 2125 nostra
629 2091 668 2124 ad
706 2091 903 2125 laudandum
942 2090 1135 2124 altissimum
1177 2090 1316 2135 populus
1352 2091 1519 2135 copiosius
1556 2087 1699 2121 confluat
1737 2086 1948 2119 christianus.

88 2151 239 2185 omnibus
268 2162 350 2185 vere
378 2151 603 2197 penitentibus
633 2156 662 2184 et
700 2150 876 2189 confessisq
912 2153 965 2195 qui
1001 2150 1178 2184 ecclesiam
1215 2153 1362 2182 nostram
1399 2149 1581 2194 predictam
1617 2158 1716 2180 causa
1754 2146 1949 2179 devocionis

87 2213 232 2255 ingressi
261 2222 374 2245 coram
411 2211 569 2245 altaribus
604 2214 636 2244 in
675 2211 817 2244 ecclesia
857 2215 969 2244 nostra
1006 2210 1176 2243 collocatis
1215 2212 1358 2254 quinque
1394 2212 1606 2253 paternoster
1641 2211 1671 2240 et
1707 2209 1851 2251 quinque
1885 2215 1949 2237 ave

86 2270 192 2305 Maria
221 2271 443 2316 geniculando
473 2272 595 2305 devote
625 2271 779 2306 dixerint.
810 2271 850 2303 de
879 2272 1115 2315 omnipotentis
1145 2270 1197 2303 dei
1232 2268 1460 2303 misericordia
1498 2278 1630 2301 necnon
1659 2266 1831 2299 beatorum
1862 2264 1949 2297 Petri

87 2335 120 2365 et
147 2330 238 2364 Pauli
273 2331 499 2376 apostolorum
530 2335 600 2365 eius
630 2330 745 2365 confisi
774 2330 940 2375 suffragiis
967 2330 1007 2363 de
1037 2329 1183 2374 quolibet
1203 2329 1365 2362 altarium.
1387 2338 1499 2361 coram
1531 2338 1595 2371 quo
1625 2337 1660 2359 se
1690 2329 1736 2359 sic
1758 2325 1946 2358 obtulerint.

87 2396 120 2424 ut
161 2391 341 2437 prefertur,
378 2392 597 2437 quadraginta
636 2391 706 2425 dies
741 2390 782 2424 de
816 2393 969 2424 iniunctis
1008 2389 1069 2423 sibi
1112 2391 1308 2435 penitenciis
1352 2391 1382 2420 in
1426 2388 1559 2420 domino
1601 2390 1715 2419 nostro
1758 2386 1949 2418 relaxamus

86 2454 256 2497 perpetuis
276 2451 481 2497 temporibus
502 2452 676 2485 duraturis.
708 2451 828 2484 Datum
856 2454 888 2483 in
909 2455 1019 2483 castro
1040 2454 1155 2483 nostro
1175 2448 1324 2482 Medricz
1345 2458 1432 2480 anno
1453 2447 1575 2479 domini
1597 2442 1950 2479 MOCCCOLXXXOII0

86 2513 119 2544 in
149 2511 201 2545 die
229 2510 403 2545 beatorum
432 2511 554 2545 Felicis
583 2515 616 2544 et,
645 2511 804 2556 Simplicii
834 2513 1004 2543 martirum
1034 2513 1149 2543 nostro
1178 2507 1238 2542 suh
1268 2510 1386 2540 maiori
1414 2507 1522 2550 sigillo
1552 2504 1761 2551 presentibus
1788 2515 1947 2549 appenso.

399 2589 489 2623 (Orig-
513 2590 596 2623 Perg.
622 2590 649 2614 h.
675 2589 732 2623 sig.
757 2590 793 2614 iin
819 2589 892 2615 Olm.
918 2586 1175 2621 Kapitelarchive.)

1742 2742 1776 2766 30
