2336 3074
995 205 1068 239 465

101 322 184 357 quos
213 311 308 345 nobis
337 316 368 345 et
398 315 520 346 nostris
548 311 801 346 successortbus
829 322 992 356 expresse
1021 320 1235 343 reservamus
1256 308 1395 353 singulis
1424 311 1518 342 annis
1548 310 1578 341 in
1609 307 1693 341 festo
1723 309 1827 340 sancti
1849 305 1962 339 Georii

99 375 203 405 sancti
233 372 428 406 wenceslai
457 372 637 406 solvendas
666 377 695 405 et
726 371 957 416 assignandas3
987 381 1047 416 pro
1076 373 1284 415 septuaginta
1311 380 1503 413 sexagenas
1531 378 1726 413 grossorum
1749 369 1962 413 pragensium

98 432 335 478 predictorum.
375 443 457 477 quos
495 432 599 466 fidelis
636 437 751 466 noster
778 431 1003 465 wenceslaus
1043 430 1227 464 advocatus
1264 429 1479 475 provincialis
1517 428 1636 462 ibidem
1667 431 1698 461 in
1729 427 1891 461 Switavia
1930 429 1962 460 in

96 496 219 538 paratis
249 496 398 538 pecuniis
428 493 523 526 nobis
554 493 695 530 tradidit.
725 495 914 526 numeravit
942 496 975 526 et
1003 494 1187 535 assignavit
1223 495 1255 524 et
1290 501 1371 535 quas
1400 490 1560 524 solvimus
1590 500 1649 535 pro
1678 489 1773 522 dictis
1812 490 1962 533 pecuniis

99 552 218 587 debitis
255 553 388 587 domino
417 553 578 587 Hinczoni
616 554 655 586 de
690 553 768 599 Lipa
805 553 995 599 supradicto
1031 556 1128 597 atque
1164 554 1252 597 ipsas
1288 553 1516 584 convertimus
1554 553 1585 583 in
1623 549 1779 583 utilitates
1817 548 1961 582 ecclesie

99 617 212 647 nostre
234 613 477 647 Olomucensis.
509 613 579 647 Tali
609 614 707 647 modo
737 618 767 646 et
797 613 1006 655 condicione,
1036 612 1121 657 quod
1151 615 1178 645 si
1207 622 1268 645 nos
1298 611 1351 645 vel
1380 621 1597 645 successores
1617 612 1720 643 nostri
1741 614 1795 642 aut
1816 609 1960 643 ecclesia

99 678 241 707 vacante
270 674 445 719 capitulum
477 674 618 707 eundem
648 684 784 707 censum
814 684 967 707 reemere
996 673 1201 707 voluerimus
1239 675 1314 705 vice
1351 682 1465 709 versa,
1505 670 1591 716 quod
1621 670 1684 704 hoc
1713 681 1889 716 possumus
1927 674 1960 703 et

98 734 260 777 valemus,
291 737 450 779 quociens
479 739 509 768 et
540 735 670 780 quando
700 734 795 768 nobis
823 738 856 768 et
883 736 1005 768 nostris
1025 732 1278 767 successoribus
1308 737 1362 765 aut
1391 732 1533 765 ecclesia
1564 735 1706 764 vacante
1735 730 1878 776 capitulo
1898 740 1958 775 pro

98 797 312 840 pecuniarum
342 805 469 828 summa
508 795 672 828 antedicta
712 795 868 829 videlicet
904 796 1113 840 septuaginta
1149 795 1331 837 sexagenis
1360 795 1467 827 visum
1506 792 1604 825 fuerit
1642 791 1813 837 expedire.
1870 790 1959 824 Pro-

99 857 254 888 mittimus
282 854 368 888 bona
391 854 453 888 lide
482 866 542 900 pro
572 855 667 889 nobis
688 860 719 889 et
748 854 999 889 successoribus
1021 856 1144 888 nostris
1165 856 1274 887 omnia
1304 858 1336 886 et
1355 853 1483 897 singula
1504 855 1666 898 premissa
1689 856 1785 897 prout
1806 853 1958 896 superius

99 919 339 960 expressantur
373 920 468 959 grata
499 920 531 949 et
568 920 637 948 rata
673 920 789 949 tenere
827 920 858 949 et
895 914 1033 949 firmiter
1061 914 1255 948 observare.
1311 913 1348 947 In
1387 924 1526 958 qnorum
1556 905 1779 946 testimonium
1815 911 1958 956 sigillum

99 980 246 1009 nostrum
276 986 417 1009 unacum
447 975 555 1021 sigillo
593 976 725 1021 capituli
762 979 867 1010 nostri
905 976 946 1009 de
982 979 1095 1009 nostra
1134 979 1225 1008 certa
1262 977 1408 1008 sciencia
1436 972 1646 1019 presentibus
1675 977 1725 1006 est
1763 982 1956 1018 appensum.

98 1036 218 1070 Datum
248 1039 279 1069 in
308 1040 418 1069 castro
439 1041 552 1070 nostro
573 1036 691 1070 Merav
720 1048 806 1070 anno
836 1036 958 1070 domini
979 1035 1152 1069 millesimo
1175 1037 1409 1069 trecentesimo
1430 1036 1660 1078 octuagesimo
1689 1044 1789 1075 nono7
1819 1031 1957 1066 sabbato

97 1099 251 1142 proximo
280 1101 356 1130 ante
385 1096 583 1130 dominicam
613 1096 810 1130 Palmarum.

252 1156 294 1190 Et
331 1167 392 1190 nos
420 1156 673 1203 VVoyczechius
707 1160 820 1190 senior
857 1159 1037 1190 canonicus
1075 1168 1114 1190 ac
1142 1156 1319 1202 capitulum
1356 1155 1500 1189 ecclesie
1531 1154 1763 1189 Olomucensis
1800 1153 1956 1199 predictis

97 1218 287 1251 vendicioni
317 1222 347 1251 et
377 1217 584 1251 ordinacioni
613 1220 844 1251 consensimus
874 1222 906 1251 et
934 1216 1143 1263 presentibus
1172 1219 1398 1250 consentimus
1432 1220 1530 1260 atque
1558 1217 1590 1248 in
1620 1217 1841 1249 testimonium
1872 1224 1957 1259 pre-

99 1280 272 1311 missorum
302 1282 477 1323 presentes
506 1278 619 1311 literas
648 1278 756 1322 sigillo
786 1282 900 1312 nostro
929 1278 1061 1323 capituli
1091 1288 1231 1311 unacum
1261 1276 1370 1321 sigilio
1400 1276 1475 1310 dicti
1506 1276 1629 1309 domini
1658 1280 1689 1309 et
1718 1278 1819 1321 patris
1853 1278 1958 1309 nostri

97 1338 219 1372 domini
248 1337 377 1372 Nicolai
411 1341 559 1384 episcopi
588 1338 821 1372 Olomucensis
859 1338 900 1372 de
934 1342 1047 1372 nostra
1085 1342 1176 1371 certa
1214 1340 1360 1371 sciencia
1398 1336 1538 1370 fecimus
1573 1338 1780 1369 communiri.
1836 1335 1955 1369 Datum

98 1398 262 1432 Olomucii
290 1398 343 1432 die
372 1402 403 1432 et
432 1409 519 1432 anno
549 1398 666 1443 quibus
695 1410 805 1444 supra.

409 1486 569 1514 (Absciu-ift
605 1487 632 1511 in
669 1487 731 1511 ‘lein
766 1487 982 1520 ggleiehzeitigen
1018 1484 1480 1519 Privilegien·Pergainenteodex
1516 1484 1551 1509 im
1587 1483 1736 1509 fiirsterzb.
1768 1483 1892 1508 Archive
1927 1483 1955 1508 iu

514 1539 665 1569 Kremsier,
690 1538 738 1563 fol.
762 1539 788 1564 S.
813 1539 860 1573 V.)

977 1734 1083 1770 549.

96 1846 412 1890 Mai-lfqrafdodolt
438 1850 602 1890 qestattel
630 1847 695 1880 den
716 1846 891 1891 thzuern,
921 1847 1001 1880 dass
1031 1847 1085 1880 die
1114 1846 1302 1891 Einlcu'nfte
1331 1858 1394 1880 aus
1424 1847 1485 1880 der
1512 1845 1786 1889 ttrsasserleitunq
1806 1857 1871 1879 nar
1890 1845 1953 1878 der

424 1906 527 1940 Stadt
556 1906 656 1950 [μίση
686 1908 864 1952 z-usliessen
892 1907 1011 1941 sollen.
1043 1907 1100 1941 Dt.
1132 1906 1265 1941 Bre'mn.
1295 1907 1353 1940 22.
1385 1907 1489 1951 April
1518 1906 1626 1940 1389.

257 1982 426 2037 Jodocus
456 2002 517 2036 Dei
546 2005 661 2047 gracia
691 2002 839 2036 marchio
869 2007 900 2036 et
929 2002 1080 2037 dominus
1100 2002 1254 2037 Moravie
1283 2007 1396 2037 notum
1425 2002 1565 2037 facimus
1595 2007 1712 2036 tenore
1740 2005 1951 2048 presencium

94 2065 271 2097 universis.
308 2062 403 2104 Quod
433 2074 492 2109 pro
522 2066 569 2096 rei
600 2061 729 2108 publice
757 2062 845 2097 bono
874 2067 971 2106 statu,
1001 2063 1142 2097 comodo
1171 2068 1203 2096 et
1232 2063 1383 2108 profectu
1412 2066 1522 2096 animo
1552 2063 1700 2108 vigilanti
1731 2063 1952 2105 intendentes,

93 2123 233 2168 qualiter
260 2126 292 2157 in
322 2128 409 2157 terra
431 2128 544 2156 nostra
565 2127 668 2157 status
697 2127 886 2157 nostrorum
912 2123 1055 2157 fidelium
1085 2128 1117 2157 et
1136 2127 1312 2169 presertim
1342 2127 1465 2158 civium
1494 2123 1731 2168 Iglaviensium
1762 2128 1950 2157 nostrorum

92 2183 287 2216 dilectorum
315 2183 437 2217 utiliter
465 2186 587 2217 nostris
617 2183 819 2229 temporibus
839 2188 1012 2228 augeatur,
1042 2195 1122 2217 sane
1143 2184 1388 2230 perpendentes
1418 2196 1461 2218 ex
1490 2185 1574 2218 illius
1600 2196 1683 2229 aque
1713 2184 1822 2221 ductu,
1853 2195 1950 2229 quam

92 2243 210 2289 prefati
239 2247 332 2278 cives
360 2243 568 2289 Iglavienses
597 2244 636 2277 ad
666 2247 812 2290 ipsorum
842 2247 1010 2277 civitatem
1048 2255 1108 2290 pro
1137 2255 1199 2277 usu
1236 2256 1351 2278 corum
1381 2249 1413 2278 et
1442 2248 1547 2279 tocius
1576 2247 1819 2278 communitatis
1853 2244 1949 2278 ordi-

92 2308 268 2347 naverunt,
298 2304 493 2350 multiplices
513 2304 668 2338 utilitates
688 2308 880 2350 provenire,
911 2304 1123 2338 decrevimus
1144 2309 1176 2337 et
1205 2309 1321 2338 tenore
1341 2308 1552 2350 presencium
1582 2305 1805 2347 decernimus}
1833 2315 1949 2338 omnes

91 2369 122 2398 et
142 2365 292 2408 singulos
321 2365 469 2398 eiusdem
490 2376 574 2410 aque
603 2369 798 2410 proventus,
828 2375 910 2410 quos
940 2365 1037 2398 iidem
1055 2367 1147 2398 cives
1175 2367 1374 2398 unanimiter
1402 2367 1618 2410 imposuerint
1647 2364 1841 2407 solvendos3
1871 2369 1948 2410 aput

90 2425 230 2458 eandem
269 2427 437 2458 civitatem
466 2425 689 2470 Iglaviensem
728 2430 865 2471 propter
902 2428 1002 2471 ipsius
1040 2429 1159 2458 statum
1196 2425 1368 2458 meliorem
1407 2436 1596 2468 remancre,
1626 2429 1659 2457 ut
1687 2429 1848 2470 perpetue
1886 2427 1948 2470 ipsi

88 2487 181 2519 cives
211 2485 348 2518 eosdem
369 2496 452 2530 aque
482 2490 665 2531 proventus
694 2488 876 2532 percipiant
897 2490 928 2519 et
957 2496 1016 2531 pro
1037 2484 1283 2518 reformacione
1304 2487 1448 2518 civitatis
1477 2489 1508 2518 et
1536 2484 1775 2518 melioracione
1800 2485 1948 2518 eiusdem

87 2544 277 2590 impendant
307 2549 337 2577 et
367 2550 576 2588 convertant,
606 2548 691 2580 sicut
719 2548 767 2580 eis
795 2545 961 2580 videbitur
990 2545 1106 2579 melius
1136 2545 1308 2590 expedire.
1344 2544 1427 2578 Nam
1456 2548 1488 2578 in
1517 2545 1703 2579 huiusmodi
1732 2545 1949 2590 proventibus

91 2604 131 2638 ab
160 2607 230 2650 ipsa
259 2615 342 2649 aqua
372 2606 594 2651 percipiendis
624 2606 775 2639 nolumus
804 2606 939 2639 eosdem
970 2608 1062 2639 cives
1100 2617 1161 2639 nec
1191 2617 1250 2651 per
1287 2616 1347 2639 nos
1382 2617 1444 2639 nec
1473 2617 1533 2651 per
1562 2609 1693 2639 nostros
1732 2616 1949 2639 successores

93 2664 305 2698 marchiones
341 2664 494 2699 Moravie
532 2666 752 2711 quovismodo
790 2677 943 2711 umquam
981 2669 1222 2712 imperpetuum
1257 2666 1429 2711 impedire.
1485 2664 1699 2700 Presencium
1737 2665 1797 2699 sub
1833 2670 1948 2699 nostro

1742 2732 1775 2757 59
