2336 3074
991 236 1063 271 503

98 344 233 386 propter
254 341 418 374 modicum
438 340 563 374 lucrum
584 340 661 374 utile
683 339 867 383 videbatur,
897 345 1005 374 tamen
1026 352 1069 374 ex
1090 351 1130 374 eo
1151 341 1249 375 multa
1271 341 1480 375 incommoda
1501 345 1533 374 et
1553 341 1698 387 pericula
1719 340 1955 386 sequebantur,

98 405 194 447 prout
223 401 333 435 docuit
362 404 575 447 experiencia
596 401 797 446 quotidiana„
827 413 890 447 que
920 413 1029 435 rerum
1059 405 1203 436 omnium
1234 406 1282 436 est
1304 404 1472 447 magistra.
1503 401 1587 435 Nam
1618 402 1707 435 multi
1728 402 1956 436 habundantes

100 460 198 495 rebus
228 461 463 508 temporalibus
493 465 523 494 et
553 465 706 495 carentes
735 461 913 496 heredibus
943 463 1098 506 legitimis
1135 463 1209 496 talia
1240 462 1456 497 formidantes
1485 467 1684 509 receperunt
1724 463 1895 496 licenciam
1925 466 1954 496 et

99 522 137 556 ad
168 522 239 556 loca
270 522 476 556 dominorum
515 521 653 555 aliorum
683 526 780 567 atque
818 522 960 556 dominia
997 527 1229 565 recesseruntg
1276 523 1328 556 alii
1368 534 1462 564 vero,
1503 526 1556 568 qui
1585 526 1733 568 graciam
1772 522 1957 556 habuerunt

99 582 239 616 intrandi
269 585 435 616 civitatem
475 582 515 616 de
543 581 638 616 bonis
668 582 796 625 alienis,
831 585 862 616 in
892 583 1008 628 quibus
1047 583 1207 618 hactenus
1236 582 1460 625 morabantun
1500 583 1703 617 detestantes
1733 583 1830 617 talem
1869 594 1956 616 con-

99 643 319 685 suetudinem7
349 645 380 676 in
400 645 467 677 suis
496 642 577 677 locis
606 647 859 685 remanserunt3
889 643 941 676 alii
965 654 1046 677 vero
1076 648 1248 677 manentes
1277 646 1307 677 in
1338 646 1406 689 ipsa
1428 646 1562 678 civitate
1591 655 1642 687 ea,
1672 655 1735 689 que
1760 643 1956 678 habuerunt.

99 708 375 749 consumpserunt
406 707 435 736 et
467 702 742 749 dilapidaverunt,
772 703 922 738 nolentes
944 704 1029 749 quod
1059 704 1099 737 de
1128 703 1222 739 bonis
1252 715 1365 738 eorum
1389 709 1461 750 post
1490 708 1629 738 mortem
1661 707 1807 750 ipsorum
1837 704 1956 749 aliquid

101 768 291 797 remaneret
320 768 351 797 et
379 766 427 797 sic
456 762 591 809 quilibet
619 773 685 797 non
719 763 887 808 cogitabat
920 764 960 798 de
998 764 1097 799 rebus
1134 767 1201 798 suis
1239 768 1434 811 prospicere
1471 776 1579 810 neque
1618 764 1735 798 futuris
1772 764 1955 798 commodis

101 823 306 865 inteudebat3
336 824 422 857 unde
452 835 627 858 commune
657 823 778 857 bonum
808 827 839 857 in
869 827 937 870 ipsa
967 827 1064 870 periit
1087 827 1221 859 civitate
1241 829 1273 858 et
1293 824 1433 858 finaliter
1453 824 1618 869 vergebat
1638 828 1669 858 in
1691 825 1956 859 destruccionem

101 887 171 918 eius
206 887 237 917 in
271 883 447 930 dampnum
484 888 631 918 nostrum
668 888 700 917 et
738 886 839 929 ipsius
874 885 1016 918 ecclesie
1054 889 1168 919 nostre
1208 884 1439 919 Olomucensis
1477 885 1695 932 prejudicium
1734 885 1956 920 manifestum.

100 943 182 988 Nos,
213 955 295 990 quos
324 944 501 979 altissimus
530 955 596 978 non
625 947 747 978 nostris
776 948 901 978 meritis
931 947 991 991 ipsi
1021 944 1235 979 Olomucensi
1265 946 1407 979 ecclesie
1436 957 1574 992 preesse
1605 946 1775 992 disposuit,
1805 946 1958 980 volentes

101 1004 259 1038 adhibere
289 1005 344 1039 tali
373 1003 489 1038 morbo
519 1015 702 1049 congruam
732 1005 928 1039 medicinam
958 1017 996 1039 ac
1026 1016 1086 1039 nos
1116 1006 1227 1040 divino
1258 1010 1289 1039 et
1318 1005 1461 1040 humano
1488 1007 1553 1050 juri
1588 1011 1743 1052 quantum
1783 1017 1958 1052 possumus

101 1065 326 1109 conformare⁷
356 1077 397 1098 ne
426 1064 564 1099 consilio
594 1068 835 1099 convenieneia
866 1070 896 1099 et
925 1077 1091 1100 consensu
1128 1065 1371 1100 honorabilium
1408 1069 1556 1100 virorum
1595 1066 1803 1100 dominorum
1842 1067 1958 1100 decani

101 1128 258 1172 prepositi
288 1130 320 1159 et
348 1125 480 1171 capituli
509 1125 594 1159 dicte
634 1125 778 1159 ecclesie
817 1131 930 1160 nostre
969 1126 1201 1161 Olomucensis
1239 1126 1377 1160 fratrum
1414 1131 1602 1161 nostrorum
1641 1130 1889 1161 carissimorum
1928 1129 1957 1160 in

101 1186 244 1233 capitulo
274 1197 389 1220 eorum
418 1186 568 1231 generali
598 1186 821 1227 considerato„
851 1187 937 1232 quod
967 1189 1035 1233 ipsa
1065 1189 1182 1221 civitas
1202 1186 1345 1232 Muglicz
1366 1191 1502 1233 propter
1522 1187 1658 1221 hostiles
1679 1188 1816 1221 insultus
1842 1188 1958 1232 maj0ri

101 1247 227 1292 indiget
255 1247 402 1281 custodia
433 1246 664 1281 fortificacioni
702 1252 734 1281 et
771 1250 979 1281 munimentis
1018 1253 1049 1281 et
1085 1250 1190 1281 eciam
1220 1252 1253 1281 ut
1278 1250 1437 1282 concives
1475 1247 1595 1281 habeat
1624 1251 1731 1293 magis
1760 1248 1899 1281 idoneos
1928 1252 1959 1281 et.

103 1306 264 1341 habentes
293 1307 449 1341 meliores
478 1312 509 1341 et
540 1307 703 1341 l'orciores
732 1319 771 1341 ac
800 1310 904 1353 ipsam
934 1310 1101 1342 civitatem
1122 1313 1269 1342 nostram
1291 1310 1321 1341 iu
1343 1307 1486 1341 turribus
1514 1311 1615 1342 muris
1636 1307 1786 1342 menibus
1806 1310 1959 1354 pai-canis

102 1370 205 1414 portis
234 1371 266 1401 et
295 1367 393 1402 fossis
422 1371 453 1401 et
483 1368 554 1403 aliis
583 1367 877 1402 fortificacionibus
906 1368 944 1402 ad
976 1368 1204 1403 defensionem
1234 1371 1434 1402 necessariis
1464 1371 1591 1402 munire
1608 1368 1741 1402 valeant
1761 1373 1793 1402 et
1812 1367 1957 1402 firmare.

102 1431 203 1474 ipsius
232 1430 375 1462 civitatis
395 1428 544 1462 custodie
564 1431 719 1463 insistere
741 1433 772 1462 et
792 1428 1044 1463 necessitatibus
1065 1429 1257 1475 providere,
1278 1440 1296 1462 a
1317 1428 1402 1462 dicta
1423 1428 1663 1462 consuetudine
1685 1433 1714 1462 et
1738 1428 1958 1462 observancia

102 1491 149 1522 sic
186 1487 347 1523 hactenus
385 1493 476 1522 tenta
515 1493 546 1522 et
584 1488 763 1523 observata
802 1492 1002 1523 recessimus
1039 1494 1071 1523 et
1109 1489 1296 1523 recedimus
1340 1489 1379 1523 de
1422 1494 1513 1523 certa
1556 1493 1668 1523 nostra
1711 1491 1857 1523 sciencia
1899 1500 1959 1535 per

102 1553 288 1595 presente&
318 1552 489 1595 cupientes
519 1550 682 1583 modicum
714 1550 837 1584 lucrum
867 1549 954 1583 bono
976 1550 1102 1583 meliori
1122 1549 1285 1584 salubrius
1306 1560 1536 1595 compensare.
1566 1549 1605 1583 Et
1627 1554 1660 1583 ut
1679 1550 1790 1583 incole
1810 1550 1957 1583 eiusdem

103 1613 217 1643 nostre
255 1612 396 1643 civitatis
435 1620 475 1643 eo
511 1609 677 1644 fideliores
716 1614 748 1643 et
784 1610 1018 1655 diligenciores
1055 1610 1247 1649 reddantur,
1291 1621 1355 1655 quo
1394 1622 1430 1644 se
1466 1611 1582 1654 majori
1622 1609 1741 1644 favore
1777 1614 1808 1643 et
1844 1613 1958 1655 gracia

103 1672 253 1703 senciant
283 1674 491 1715 prosecutos,
521 1671 646 1705 eisdem
677 1673 836 1715 magistro
866 1673 987 1705 civium
1012 1671 1115 1715 judici
1144 1670 1334 1705 consulibus
1359 1671 1477 1715 juratis
1507 1673 1732 1704 comnmnitati
1761 1675 1792 1704 et
1821 1670 1959 1716 singulis

104 1729 232 1764 civibus
262 1730 379 1764 domus
408 1742 505 1765 areas
535 1731 700 1765 domicilia
730 1734 862 1778 propria
893 1735 946 1764 aut
975 1734 1207 1777 possessiones
1236 1731 1313 1765 inibi
1343 1730 1539 1765 habentibus
1569 1731 1739 1765 dumtaxat
1777 1742 1959 1777 eorumque

104 1793 246 1836 posteris
275 1793 307 1824 in
336 1790 480 1835 Muglicz
509 1791 674 1825 antedicta
703 1796 815 1825 nostra
846 1794 979 1825 civitate
1015 1794 1243 1825 concessimus
1281 1796 1313 1826 et
1348 1792 1555 1835 donavimus„
1595 1795 1711 1825 tenore
1748 1794 1958 1838 presencium

103 1853 259 1895 graciose
288 1851 502 1885 concedimus
532 1852 647 1885 damus
676 1852 857 1886 liberaliter
885 1856 917 1885 et
946 1852 1106 1886 donamus
1136 1851 1273 1885 liberam
1303 1856 1499 1897 potestatem
1530 1862 1663 1885 exnunc
1692 1854 1722 1885 in
1752 1856 1848 1885 antea
1877 1856 1909 1885 et
1929 1854 1959 1885 in

103 1916 313 1958 perpetuum,
343 1916 376 1945 ut
405 1914 483 1958 ipsis
522 1911 662 1953 civibus„
702 1915 756 1958 qui
794 1916 909 1946 carent
944 1911 1015 1945 liliis
1053 1917 1083 1945 et
1122 1911 1261 1955 filiabus,
1299 1914 1553 1957 propinquiores
1590 1922 1705 1945 eorum
1748 1914 1844 1945 amici
1887 1916 1960 1957 post

104 1977 243 2006 mortem
274 1983 402 2015 eorum,
433 1975 537 2005 eciam
567 1976 594 2006 si
624 1977 720 2006 antea
749 1972 789 2006 ab
819 1973 943 2007 eisdem
974 1976 1085 2006 essent
1114 1972 1222 2009 divisi.
1261 1975 1291 2005 in
1321 1975 1388 2005 suis
1417 1971 1684 2017 possessionibus
1722 1971 1960 2006 hereditatibus

105 2033 199 2067 honis
229 2038 261 2067 et
289 2032 389 2067 rebus
418 2044 478 2079 per
507 2035 596 2079 ipsos
626 2033 793 2067 derelictis
827 2033 1010 2067 succedere
1048 2035 1175 2078 possint
1212 2036 1244 2066 et
1281 2033 1426 2073 valeant„
1465 2043 1503 2065 ac
1541 2035 1688 2077 ipsorum
1727 2035 1960 2078 possessiones

104 2093 307 2128 hereditates
345 2093 431 2127 bona
471 2098 502 2127 et
540 2105 594 2128 res
632 2096 679 2128 sic
713 2097 787 2140 post
824 2105 938 2127 eorum
975 2097 1115 2127 mortem
1154 2092 1287 2127 relictas
1321 2092 1424 2126 libere
1463 2092 1554 2125 adire
1590 2095 1741 2138 recipere
1781 2097 1896 2126 tenere
1930 2097 1958 2125 et

104 2154 277 2200 possidere
319 2157 390 2188 sine
433 2157 521 2188 omni
566 2154 801 2199 impedimento
844 2158 876 2188 et
917 2153 1143 2199 inquietudine
1184 2156 1306 2187 nostris
1349 2157 1380 2186 et
1422 2157 1611 2186 nostrorum
1653 2164 1886 2187 successorum
1922 2164 1960 2186 ac

104 2214 323 2248 officiatorum
354 2214 558 2260 temporibus
587 2214 746 2248 affuturis.
790 2214 837 2248 Ita
866 2218 988 2257 tamen,
1018 2213 1103 2259 quod
1134 2213 1216 2247 tales
1245 2213 1387 2247 heredes
1417 2217 1449 2247 et
1476 2215 1572 2246 amici
1602 2216 1868 2259 propinquiores„
1907 2216 1959 2259 qui

105 2277 337 2321 possessiones
375 2274 578 2309 hereditates
607 2274 692 2308 bona
722 2279 754 2308 et
773 2286 828 2309 res
857 2278 903 2309 sic
932 2275 1064 2308 relictas
1093 2273 1305 2311 obtinuerint„
1334 2276 1365 2307 in
1396 2273 1519 2307 eisdem
1546 2273 1765 2319 personaliter
1794 2273 1962 2307 resideant

104 2347 163 2381 per
193 2346 312 2369 annum
343 2339 375 2369 et
403 2335 489 2369 diem
518 2335 698 2370 secundum
729 2335 1001 2369 consuetudinem
1031 2336 1132 2380 ipsius
1161 2336 1302 2368 civitatis
1332 2338 1363 2367 et
1391 2344 1457 2367 non
1486 2338 1579 2367 extra
1610 2336 1777 2367 civitatem
1807 2336 1837 2367 in
1867 2333 1961 2367 bouis

105 2396 239 2430 alterius
268 2395 390 2429 domini
419 2399 643 2441 cuiuscunque
673 2400 701 2429 et
733 2395 851 2429 faciant
874 2396 949 2439 jura
970 2397 1112 2428 civitatis
1128 2394 1274 2428 adinstar
1294 2397 1395 2440 ipsius
1417 2396 1546 2437 mortui5
1577 2396 1629 2427 cui
1657 2393 1849 2437 succedunt„
1880 2398 1910 2427 et
1935 2397 1961 2427 si

106 2461 179 2502 post
208 2467 328 2490 annum
358 2460 389 2490 et
416 2456 502 2490 diem
523 2456 648 2490 eisdem
678 2455 797 2490 ibidem
820 2458 946 2489 mansio
976 2454 1176 2501 displiceret,
1206 2457 1329 2500 possint
1352 2454 1486 2488 easdem
1507 2457 1739 2499 possessiones
1760 2453 1961 2487 hereditates

106 2516 190 2551 bona
221 2521 252 2550 et
280 2528 335 2550 res
364 2516 513 2550 vendere
543 2517 635 2550 alteri
665 2519 738 2550 viro
768 2516 900 2552 idoneo„
936 2518 991 2560 qui
1019 2520 1069 2549 est
1097 2514 1214 2549 habilis
1252 2519 1282 2548 et
1313 2514 1451 2548 idoneus
1481 2517 1558 2560 ipsis
1589 2513 1717 2548 civibus
1755 2518 1786 2547 et
1825 2516 1961 2549 civitati.

105 2579 226 2622 quique
255 2578 359 2610 eciam
390 2575 510 2610 ibidem
538 2577 705 2610 demorari
735 2580 765 2610 et
794 2575 943 2609 residere
973 2575 1148 2618 tenebitur,
1178 2579 1211 2608 ut
1237 2574 1320 2608 alter
1348 2577 1431 2608 civis
1457 2576 1532 2618 jura
1563 2576 1780 2608 necessitates
1807 2578 1838 2607 et
1858 2585 1960 2608 onera

106 2637 215 2670 civilia
258 2637 297 2670 ad
341 2635 484 2670 debiturn
527 2642 736 2683 supportare.
793 2636 931 2682 Insuper
969 2636 1182 2669 concedimus
1217 2637 1389 2669 statuimus
1427 2639 1458 2668 et
1500 2634 1691 2668 ordinamus
1733 2637 1959 2680 inperpetuum

106 2696 364 2731 observandum.
394 2696 480 2742 quod
511 2696 635 2742 absque
665 2697 898 2742 impedimento
938 2707 1135 2741 quocunque
1167 2696 1261 2728 liceat
1290 2697 1466 2740 unicuique
1505 2695 1685 2729 incolarum
1716 2697 1837 2728 civium
1876 2695 1960 2727 dicte
