2336 3074
970 210 1084 263 Πᾂ53

111 319 242 361 juratis,
272 315 416 350 scabinis
446 316 500 350 vel
529 315 701 361 quibusvis
730 316 801 349 aliis
831 317 1051 349 communiter
1080 314 1134 348 vel
1173 314 1304 348 divisim
1343 326 1361 348 a
1391 314 1470 349 sede
1509 315 1690 361 apostolica
1730 318 1767 348 sit
1808 316 1980 349 indultum.

114 377 201 422 quod
232 377 395 419 interdici,
424 377 581 422 suspendi
612 377 667 411 vel
695 378 981 410 excommunicari
1010 386 1077 408 non
1106 378 1233 420 possint
1262 386 1322 420 per
1351 375 1476 408 litteras
1508 375 1710 421 apostolicas
1732 387 1797 408 non
1819 375 1981 409 facientes

112 437 242 482 plenam
273 448 316 470 ex
346 448 543 482 expressam
572 448 611 470 ac
649 437 690 470 de
718 436 825 471 verbo
863 436 903 469 ad
932 436 1072 470 verbum
1113 436 1154 469 de
1189 435 1313 469 indulto
1354 435 1540 468 huiusmodi
1579 438 1801 469 mencionem.
1859 436 1979 469 Datum

112 497 220 530 Rome
249 497 333 543 apud
363 501 513 531 sanctum
544 497 676 530 Petrum
706 496 812 530 idibus
843 496 999 530 Octobris
1028 496 1240 542 pontificatus
1270 498 1375 529 nostri
1404 507 1491 528 anno
1520 496 1679 529 secundo.

424 575 514 609 (tn-ig.
540 576 622 609 Perg.
648 575 713 600 auli.
739 575 883 608 plumbum
910 575 945 599 im
972 575 1045 600 (Tum.
1070 574 1328 608 Kapitelarcliive.)

993 771 1096 806 167.

165 874 304 919 Inqram
334 885 398 908 von
426 874 601 911 Jalfobaa„
630 876 725 908 seille
753 874 871 908 Solane
901 875 967 908 {md
995 874 1151 918 Siqfried
1179 885 1244 907 rron
1273 873 1434 907 Jahobaa
1465 876 1589 907 weisen
1618 875 1680 908 den
1712 875 1860 908 Nonnen
1892 876 1924 908 in

167 935 396 969 Doubrarm'lc
423 934 447 968 8
477 935 578 969 Mark·
598 935 708 979 jc‘t'lzrl.
740 935 862 968 Ze'nses
898 937 931 968 {a
961 934 1182 969 Senum-omia,
1207 938 1268 980 fiir
1288 937 1373 979 jene
1407 934 1458 969 80
1488 935 1590 968 ΔῑΙοννΙι·
1626 947 1682 969 (m.
1714 948 1763 968 nne
1796 936 1922 969 welche

327 997 379 1029 sie
408 996 471 1030 den
500 995 620 1029 Besitz,
649 996 708 1029 des
738 996 898 1029 Klosters
927 994 1156 1029 Donbrarm'lc
1185 997 1219 1029 ἰιι
1249 996 1418 1029 Mor-asie:-
1449 996 1609 1040 rerlrauft
1637 996 1762 1029 haltere.

711 1056 767 1089 Dt.
798 1055 961 1089 Jalcobaa
992 1055 1050 1089 16.
1086 1056 1237 1090 Olflober
1267 1055 1377 1089 1379.

267 1132 355 1186 Nos
383 1152 536 1196 Igramus
571 1152 612 1185 de
640 1151 815 1189 Jacobaw„
846 1152 1013 1197 Philippus
1051 1156 1083 1185 et
1119 1152 1272 1196 Igramus
1309 1152 1363 1185 filii
1399 1152 1538 1196 legitimi
1577 1152 1724 1185 eiusdem
1763 1157 1793 1185 et
1831 1151 1975 1185 Zisridus

111 1213 267 1259 patruelis
296 1216 443 1258 ipsorum
473 1213 595 1247 ibidem
625 1213 664 1246 de
693 1212 868 1251 Jacobaw„
898 1215 977 1258 ipsis
1007 1216 1203 1247 coniunctus
1233 1217 1265 1246 et
1301 1216 1410 1247 unitus
1446 1224 1519 1246 cum
1561 1212 1713 1247 omnibus
1742 1212 1837 1247 bonis
1866 1212 1978 1246 here-

111 1273 248 1317 ditariis„
278 1276 555 1318 recognoscimus
585 1277 701 1306 tenore
731 1276 942 1319 presencium
976 1276 1156 1317 universis„
1187 1273 1273 1319 quod
1312 1273 1443 1307 devotis
1481 1278 1513 1306 et
1550 1272 1645 1306 nobis
1683 1273 1810 1307 dilectis
1845 1276 1975 1307 saucti-

110 1333 307 1368 monialibus
336 1337 529 1368 monasterii
559 1338 674 1367 sancte
703 1337 811 1367 crucis
841 1337 872 1367 in
899 1333 1109 1368 Dubrawuik
1138 1345 1251 1367 sumus
1281 1333 1380 1367 debiti
1410 1338 1442 1367 et
1472 1338 1624 1367 tenemur
1652 1337 1821 1378 octoginta
1844 1345 1973 1366 mareas

110 1405 307 1439 grossorum
336 1397 551 1440 pragensium
581 1394 792 1427 denariorum
823 1398 951 1428 numeri
981 1397 1143 1428 moravici
1173 1398 1205 1427 et
1224 1396 1415 1439 pagameuti
1436 1404 1496 1438 pro
1526 1393 1621 1427 bonis
1642 1397 1673 1426 in
1695 1394 1771 1427 villa
1792 1394 1970 1427 Mol-asicz,

108 1466 171 1500 que
200 1455 241 1488 de
270 1465 384 1488 earum
414 1465 581 1488 consensu
610 1458 642 1487 et
670 1454 841 1489 voluntate
870 1455 1081 1488 vendidimus
1110 1457 1142 1487 iu
1172 1459 1286 1488 nostra
1315 1457 1527 1487 necessitate.
1584 1453 1620 1487 In
1649 1453 1767 1498 quibus
1798 1457 1966 1492 octoginta

109 1518 231 1549 marcis
259 1515 432 1560 prehabita
462 1514 548 1548 bona
578 1514 826 1548 deliberacione
855 1520 887 1548 et
924 1515 1063 1548 consilio
1102 1519 1291 1547 nostrorum
1329 1517 1511 1547 amicorum
1548 1516 1627 1558 ipsis
1666 1514 1971 1547 sanctimonialibus

109 1578 348 1621 prenominatis
377 1575 688 1609 coiulescendimus.
718 1575 867 1608 dedimus
897 1580 929 1608 et.
955 1575 1165 1620 presentibus
1186 1575 1300 1608 damus
1321 1578 1396 1607 octo
1418 1584 1548 1606 marcas
1569 1584 1764 1617 grossorum
1794 1577 1971 1619 pragensis

108 1640 241 1669 monete
270 1638 433 1668 moravici
462 1637 592 1668 numeri
622 1635 831 1679 recipiendas
861 1639 892 1668 et
921 1635 1060 1679 singulis
1090 1638 1184 1668 annis
1222 1634 1429 1679 colligendas
1458 1645 1518 1679 per
1547 1645 1583 1667 se
1621 1634 1676 1667 vel
1713 1646 1773 1679 per
1810 1637 1971 1668 nunccios

109 1699 254 1742 ipsarum
282 1699 315 1729 in
344 1696 421 1729 villa
450 1699 564 1728 nostra
594 1694 821 1728 Semikowicz
851 1699 883 1728 et
910 1698 943 1728 in
973 1695 1124 1728 omnibus
1153 1694 1372 1740 proventibus
1393 1694 1432 1727 ad
1463 1694 1582 1727 dictam
1612 1694 1725 1728 villam
1745 1694 1970 1740 spectantibus

108 1759 140 1790 in
169 1767 285 1798 censu‚
314 1758 346 1789 in
375 1758 519 1801 pascuis*
549 1754 673 1788 rubetis
712 1766 751 1788 ac
780 1758 947 1789 universis
985 1755 1157 1791 fructibus.
1187 1758 1241 1799 qui
1270 1754 1391 1788 ibidem
1429 1759 1568 1800 possunt
1597 1754 1722 1787 baberi.
1780 1754 1844 1787 Pro
1874 1754 1970 1787 nobis

109 1827 325 1850 reservamus
354 1816 533 1849 dominium
563 1820 595 1849 et
624 1819 769 1849 steuram
799 1815 947 1859 regalem
977 1820 1137 1861 perpetuo
1167 1815 1356 1848 tenendum.
1397 1813 1658 1848 Considerantcs
1688 1817 1793 1848 eciam
1823 1817 1968 1860 ipsarum

109 1876 405 1911 sanctimonialium
435 1875 640 1921 prefatarum
678 1878 749 1921 pias
787 1880 818 1909 et
853 1876 993 1909 devotas
1032 1875 1103 1909 fieri
1140 1878 1295 1909 continue
1334 1877 1510 1908 oraciones
1548 1885 1608 1919 pro
1642 1874 1738 1908 nobis
1776 1879 1808 1908 et
1845 1877 1968 1908 nostris

109 1936 378 1983 progenitoribus
406 1939 494 1970 vivis
524 1940 556 1969 et
583 1936 760 1973 defunctis.
791 1936 905 1969 damus
934 1938 1013 1982 ipsis
1043 1936 1083 1969 de
1111 1940 1225 1969 nostra
1246 1935 1442 1969 liberalitate
1471 1939 1503 1968 et
1532 1937 1585 1980 pie
1614 1935 1776 1969 donamus
1805 1938 1837 1969 in
1858 1939 1968 1968 monte

109 2002 223 2031 nostro
252 1996 412 2031 Dobelicz
441 1997 679 2030 hereditarium
718 2008 853 2030 censum
884 1999 1059 2030 vinearum
1088 2001 1120 2029 et
1157 1996 1319 2029 decimam
1348 1998 1430 2037 vini,
1460 1995 1547 2040 quod
1583 1994 1704 2028 ibidem
1733 1998 1854 2040 poterit
1882 2006 1967 2040 pro-

107 2060 226 2099 veniri,
248 2058 386 2102 singulis
407 2060 501 2091 annis
522 2057 756 2101 colligendum.
779 2056 968 2092 tenendum.
997 2056 1196 2097 habendum,
1217 2055 1429 2089 vendendum
1450 2066 1489 2088 ac
1510 2054 1711 2088 hereditarie
1731 2055 1966 2100 possidendum

107 2129 181 2151 cum
211 2120 299 2151 omni
323 2119 401 2162 jure
430 2121 462 2151 et
490 2118 636 2151 dominio
665 2120 746 2151 sicut
777 2127 838 2150 nos
868 2116 1038 2161 hucusque
1066 2117 1275 2162 possidemus
1305 2118 1427 2161 quiete„
1457 2119 1598 2160 excepta
1629 2115 1697 2148 sola
1729 2118 1826 2149 vinea
1852 2115 1967 2148 XVen—

107 2178 209 2212 ceslai
237 2181 378 2211 rectoris
407 2178 552 2211 ecclesie
580 2181 611 2211 in
650 2177 801 2211 Bistricz.
833 2188 892 2222 pro
921 2181 998 2210 tunc
1027 2180 1186 2222 prepositi
1215 2180 1246 2210 in
1285 2175 1506 2218 Duhrawmk„
1537 2186 1633 2220 quam
1673 2175 1811 2208 liberam
1850 2175 1965 2207 damus

107 2242 139 2272 et
159 2238 373 2272 concedimus
402 2238 441 2272 ad
471 2243 621 2284 tempora
650 2241 718 2271 vite
747 2249 817 2271 sue.
848 2237 889 2270 Et
918 2237 1004 2270 banc
1033 2237 1253 2270 donacionem
1273 2241 1421 2270 nostram
1440 2239 1660 2281 promittimus
1689 2240 1806 2268 ratam.
1836 2239 1964 2279 gratam

107 2303 139 2332 et
167 2298 390 2332 inviolabilem
421 2301 452 2332 in
482 2310 581 2332 evum
611 2310 831 2332 conservare.
862 2297 1021 2331 addentes
1051 2297 1201 2330 similiter
1239 2308 1337 2330 unmn
1376 2296 1543 2330 subsidem
1574 2307 1632 2329 seu
1663 2294 1904 2339 curticulam*)
1936 2297 1966 2327 in

107 2358 271 2392 Czabnicz
299 2359 390 2400 villa,
422 2362 475 2404 qui
505 2362 545 2393 sit
574 2362 622 2393 eis
651 2359 737 2392 utilis
768 2362 918 2403 tempore
946 2357 1115 2391 vindemie
1144 2368 1205 2402 pro
1235 2359 1321 2389 vinis
1351 2355 1559 2400 colligendis.
1598 2355 1635 2388 In
1664 2357 1756 2388 cuius
1787 2357 1834 2387 rei
1864 2357 1962 2387 testi—

107 2421 252 2452 monium
282 2418 384 2452 robur
413 2423 445 2452 et
474 2419 662 2452 firmitatem
691 2419 797 2463 sigilla
828 2422 941 2451 nostra
970 2416 1182 2463 presentibus
1219 2421 1293 2449 suut
1322 2427 1480 2461 appensa.
1536 2415 1657 2448 Datum
1687 2414 1851 2449 Jacobaw
1880 2426 1967 2448 anno

107 2478 229 2512 domini
259 2479 433 2513 millesimo
463 2482 700 2513 trecentesimo
729 2481 977 2524 septuagesimo
1007 2488 1096 2511 nono
1126 2476 1178 2509 die
1207 2478 1312 2509 sancti
1341 2474 1425 2509 Galli
1455 2475 1672 2509 confessoris.

417 2557 508 2591 (Orig.
533 2559 616 2591 Perg.
641 2558 657 2582 4
683 2558 710 2582 h.
735 2558 792 2591 Sig.
818 2557 853 2581 im
879 2557 1008 2581 Briinner
1032 2554 1254 2587 seucum-chive.)

252 2675 280 2711 ἦ)
305 2678 347 2702 Im
372 2677 449 2711 Orig.
474 2678 565 2703 steht:
590 2678 731 2705 cul-tilam.

1778 2732 1810 2754 ’,Ἠ
