2336 3074
103 320 260 364 pertinet,
291 321 581 361 transgressorum
609 315 799 360 hujusmodi
828 316 1022 351 insolentias
1052 321 1084 350 et
1113 321 1206 352 aetus
1235 329 1352 352 eorum
1373 318 1516 362 illicitos,
1538 323 1571 352 ut
1600 321 1810 364 premittitur,
1841 330 1971 365 oppor-

105 379 191 412 tunis
221 379 284 411 viis
312 381 344 410 et
372 377 529 410 remediis
558 375 677 410 debeat
706 375 877 410 cohibere.

430 471 588 507 (Palackj'w
614 464 691 498 [ffber
714 472 937 498 Formelbiicher
961 473 999 498 11.
1023 482 1052 507 p.
1078 473 1139 498 204
1163 482 1190 498 n.
1216 473 1285 498 237.
1304 489 1342 492 ——
1370 474 1422 499 Die
1448 474 1508 499 Zeit
1531 474 1581 499 der
1604 474 1792 509 Ausstelluug
1808 475 1969 501 bestimmte

520 524 566 549 ich
598 524 672 549 nach
703 524 765 549 (lem
797 524 1019 558 Synodalstatut
1049 525 1098 550 des
1127 524 1202 552 Olm.
1226 524 1376 551 Bischofes
1407 526 1524 551 Johanu
1556 526 1633 553 ddto.
1659 527 1804 552 Kremsier
1836 528 1885 553 22.
1911 527 1969 553 Mai

521 575 548 601 d.
571 575 599 601 J.
624 575 693 610 (vid.
720 584 746 600 11.
775 576 855 610 199),
880 585 922 601 wo
947 576 991 602 die
1008 576 1205 610 Bestimmung
1221 576 1290 601 iiber
1315 577 1365 602 das
1383 577 1563 603 Coucubiuat
1580 578 1629 603 der
1646 578 1777 609 Priester,
1795 579 1970 604 uamentlieh

520 636 579 653 was
611 627 666 652 den
690 627 805 652 Tei-min
833 627 925 661 „infra
957 632 1098 654 uiensem“
1127 627 1292 661 anbelangt⁷
1318 628 1368 653 mit
1399 629 1461 654 dem
1494 629 1634 663 Auftrage
1666 630 1714 655 des
1746 630 1857 664 Konigs
1890 630 1970 656 iiber-

520 678 697 713 einstimmt.)

994 822 1099 859 184.

136 935 326 980 Marquaf
346 935 459 969 Joclolc
488 935 667 977 beste'mnzt,
698 936 791 977 (lass,
823 946 917 969 menn
948 935 1002 968 die
1032 934 1284 969 Domim'ltaner
1314 937 1345 969 ite
1380 936 1511 969 Olmillz-
1541 938 1598 970 [Ie'e
1627 937 1741 971 Messe
1770 938 1811 971 de
1841 937 1943 972 beata

203 996 339 1040 virgine
367 995 461 1029 nicht
487 997 606 1040 sinqen
636 995 772 1039 sollten,
803 996 864 1029 der
892 994 970 1039 Hof
993 996 1024 1028 in
1056 995 1224 1029 Xebotee’n
1255 996 1355 1030 e'lmen
1385 1000 1552 1040 enh-oyen
1584 998 1720 1031 werden
1749 997 1871 1032 licitene.

771 1055 829 1089 Dt.
865 1055 996 1089 Olmiitz
1028 1055 1060 1089 1.
1092 1056 1168 1089 Mae·
1196 1055 1306 1091 1380.

271 1130 441 1184 ‹lodocus
470 1150 523 1184 dei
551 1153 668 1195 gracia
697 1150 847 1184 marchio
877 1155 909 1184 et
938 1150 1089 1184 dominus
1118 1151 1303 1185 Moraviae.
1334 1151 1457 1186 Notum
1487 1152 1627 1186 facimus
1658 1157 1774 1187 tenore
1804 1164 1972 1198 praesen-

107 1213 185 1245 tium
228 1213 409 1254 universis,
452 1210 539 1256 quod
580 1214 728 1256 pensatis
767 1222 911 1256 magnae
949 1211 1137 1245 devotionis
1175 1212 1347 1246 affectibus
1385 1212 1628 1246 honorabilium
1667 1218 1697 1246 et
1736 1213 1973 1258 religios‹t›1·u1n

108 1271 246 1305 fratrum
276 1274 398 1317 prioris
427 1275 459 1304 et
488 1276 676 1306 conventus
706 1272 822 1306 domus
851 1275 957 1306 sancti
986 1271 1160 1305 Michaelis
1188 1275 1222 1305 in
1251 1272 1405 1306 Olomutz
1426 1272 1550 1306 ordinis
1580 1273 1860 1318 praedicatorum.
1891 1284 1973 1318 quos

107 1343 251 1377 magnae
280 1331 464 1367 affectionis
494 1331 704 1378 promotione
733 1335 967 1378 prosequimur
1003 1332 1248 1377 quodammodo
1278 1337 1310 1366 et
1339 1343 1479 1377 quorum
1518 1336 1615 1366 etiam
1654 1333 1858 1367 orationibus
1888 1333 1971 1378 apud

108 1391 258 1426 altissimi
295 1395 458 1426 creatoris
492 1395 635 1438 gratiam
672 1403 733 1426 nos
771 1392 938 1426 credimus
976 1392 1140 1436 adjuvari‚
1185 1395 1383 1437 praesertim
1425 1404 1499 1426 cum
1538 1393 1636 1426 iidem
1675 1392 1797 1427 fratres
1834 1396 1973 1439 primam

108 1455 242 1486 missam
273 1452 407 1486 cottidie
435 1452 679 1486 celebraturam
709 1457 740 1486 et
769 1456 801 1486 in
821 1453 916 1486 altari
936 1457 1072 1486 sanctae
1092 1455 1234 1497 virginis
1255 1452 1495 1486 decantandam
1525 1464 1584 1498 pro
1607 1452 1785 1487 obtinendo
1815 1457 1974 1486 aeternae

108 1511 222 1546 salutis
250 1516 387 1546 nostrae
415 1515 565 1558 praemio
595 1517 627 1546 et
655 1517 836 1557 augmento
866 1512 954 1546 felici
982 1524 1019 1546 se
1048 1524 1130 1557 erga
1159 1524 1220 1546 nos
1249 1516 1418 1558 perpetuis
1447 1512 1672 1558 obligaverint
1702 1513 1919 1558 temporibus.
1940 1517 1975 1546 ut

109 1571 207 1616 hujus
235 1572 339 1605 divini
367 1572 474 1605 cultus
503 1583 542 1605 ac
571 1572 710 1605 aliarum
739 1575 927 1605 oratIOnum
949 1577 1048 1617 atque
1076 1572 1316 1606 beneficiorum
1338 1576 1463 1606 meritis
1484 1572 1666 1606 debeamus
1687 1584 1762 1607 esse
1782 1576 1973 1618 participes5

109 1635 164 1677 qui
193 1631 311 1665 confisi
340 1632 381 1665 de
410 1635 646 1678 omnipotentis
676 1632 729 1665 dei
758 1632 946 1676 clementia,
985 1633 1070 1678 apud
1107 1644 1204 1678 quem
1242 1632 1337 1666 labor
1375 1632 1596 1678 quorumlibet
1633 1632 1796 1667 bonorum
1835 1644 1973 1678 operum

108 1703 175 1726 non
204 1696 303 1726 vacat
332 1703 350 1725 a
378 1695 541 1737 praemio,
571 1703 745 1738 speramus
766 1694 838 1737 ejus
859 1693 945 1738 apud
965 1704 1026 1727 nos
1046 1695 1242 1726 immensam
1263 1693 1471 1726 clementIam
1494 1693 1756 1727 misericorditer
1776 1693 1972 1739 dispensari.

109 1752 302 1786 Eorundem
346 1755 461 1786 intuitu
496 1752 634 1798 prefatis
672 1752 829 1786 fratribus
872 1758 903 1787 et
941 1764 1056 1787 eorum
1096 1753 1242 1787 claustro
1280 1756 1405 1786 curiam
1445 1753 1649 1787 colonariam
1686 1756 1782 1787 sitam
1820 1757 1853 1787 in
1896 1753 1974 1787 vitla

109 1813 292 1847 Hnievotin
321 1813 361 1846 de
391 1812 516 1846 duabus
555 1816 697 1846 araturis
735 1817 765 1846 et
801 1813 873 1847 aliis
912 1814 983 1857 ejus
1021 1816 1227 1859 pertinentiis
1265 1813 1427 1857 dedimus.
1467 1814 1664 1847 donavimus
1694 1818 1725 1847 et
1764 1813 1973 1847 contulimus.

110 1873 239 1917 damus,
260 1873 433 1916 donamus,
464 1873 668 1907 conferimus
696 1873 929 1919 praesentibus
967 1878 997 1907 et
1032 1874 1204 1918 largimur.
1244 1874 1292 1907 Ita
1330 1874 1498 1917 videlicet‚
1535 1874 1620 1919 quod
1657 1874 1844 1920 supradicta
1884 1876 1975 1907 curia

109 1933 151 1967 ad
180 1933 350 1979 praefatos
380 1933 501 1967 fratres
531 1939 562 1967 et
591 1937 737 1979 ipsorum
768 1933 947 1967 claustrum
976 1937 1145 1980 pertinere
1175 1934 1295 1968 debeat
1322 1938 1492 1980 perpetuis
1522 1934 1727 1980 temporibus
1748 1939 1780 1968 et
1808 1940 1973 1980 spectare.

109 1994 197 2028 illam
226 1993 322 2028 nobis
352 1998 462 2027 tamen
492 1997 722 2027 auctoritatem
753 1998 785 2027 et
813 1998 1011 2039 potestatem
1041 1999 1270 2031 reservantes.
1301 1995 1387 2039 quod
1416 1998 1449 2028 in
1478 2006 1568 2028 casu.
1600 2006 1664 2040 quo
1694 1994 1815 2029 fratres
1835 1995 1975 2041 predicti

111 2055 260 2096 claustri,
290 2057 343 2099 qui
372 2065 460 2087 nunc
489 2058 563 2088 sunt
592 2065 651 2087 seu
679 2065 740 2099 pro
770 2058 922 2099 tempore
950 2054 1084 2098 fuerint7
1105 2054 1316 2099 supradictae
1337 2058 1460 2088 missae
1480 2066 1546 2088 non
1576 2055 1791 2088 decantarent
1814 2055 1974 2088 solemnia

113 2119 147 2149 et
174 2114 315 2148 eandem
344 2126 402 2148 sua
431 2114 638 2159 negligentia
669 2115 822 2160 deperire
851 2117 1093 2160 permitterent.
1123 2114 1308 2160 praefatam
1346 2118 1471 2148 curiam
1509 2118 1588 2160 ipsis
1627 2116 1761 2149 auferre
1798 2126 1975 2161 possumus

111 2179 146 2208 et
172 2177 327 2220 recipere
355 2186 374 2208 e
403 2185 585 2208 converso.
615 2174 843 2208 praesentium
874 2174 934 2207 sub
964 2185 1111 2220 appenso
1141 2178 1245 2208 nostri
1275 2175 1373 2220 sigilli
1403 2178 1593 2209 testimonio
1623 2176 1805 2209 literarum.
1853 2175 1973 2209 Datum

113 2234 267 2268 Olomutz
309 2245 396 2268 anno
440 2234 563 2267 domini
606 2234 781 2268 millesimo
824 2237 1060 2269 trecentesimo
1103 2238 1334 2280 octuagesimo
1378 2238 1409 2268 in
1452 2236 1504 2269 die
1546 2240 1737 2268 sanctorum
1776 2235 1913 2280 Philippi
1944 2239 1976 2267 et

110 2293 229 2328 Jacobi
257 2293 494 2339 apostolorum.

423 2390 585 2424 (Vidimirte
610 2390 759 2416 Absehrift
783 2390 860 2417 ddto.
896 2391 942 2415 15.
975 2390 1140 2424 September
1174 2391 1252 2415 1769
1287 2391 1323 2415 im
1356 2391 1480 2416 Areliive
1513 2391 1561 2416 des
1591 2390 1921 2416 1⁷)0niiiiikanerklosters
1946 2391 1974 2415 iu

526 2442 663 2475 Olmfitz.)
