<?xml version="1.0" encoding="UTF-8"?>
<!DOCTYPE html PUBLIC "-//W3C//DTD XHTML 1.0 Transitional//EN"
    "http://www.w3.org/TR/xhtml1/DTD/xhtml1-transitional.dtd">
<html xmlns="http://www.w3.org/1999/xhtml" xml:lang="en" lang="en">
 <head>
  <title>
</title>
<meta http-equiv="Content-Type" content="text/html;charset=utf-8" />
  <meta name='ocr-system' content='tesseract 3.04.00' />
  <meta name='ocr-capabilities' content='ocr_page ocr_carea ocr_par ocr_line ocrx_word'/>
</head>
<body>
  <div class='ocr_page' id='page_1' title='image "./codexdiplomaticu11morauoft_0522.png"; bbox 0 0 2336 3074; ppageno 0'>
   <div class='ocr_carea' id='block_1_1' title="bbox 1206 215 1279 249">
    <p class='ocr_par' dir='ltr' id='par_1_1' title="bbox 1206 215 1279 249">
     <span class='ocr_line' id='line_1_1' title="bbox 1206 215 1279 249; baseline 0.014 -1"><span class='ocrx_word' id='word_1_1' title='bbox 1206 215 1279 249; x_wconf 63' lang='lat'>49&amp;</span> 
     </span>
    </p>
   </div>
   <div class='ocr_carea' id='block_1_2' title="bbox 1141 266 1344 271">
    <p class='ocr_par' dir='ltr' id='par_1_2' title="bbox 1141 266 1344 271">
     <span class='ocr_line' id='line_1_2' title="bbox 1141 266 1344 271; baseline 0 0"><span class='ocrx_word' id='word_1_2' title='bbox 1141 266 1344 271; x_wconf 95' lang='lat' dir='ltr'> </span> 
     </span>
    </p>
   </div>
   <div class='ocr_carea' id='block_1_3' title="bbox 305 319 2212 2733">
    <p class='ocr_par' dir='ltr' id='par_1_3' title="bbox 305 319 2212 2733">
     <span class='ocr_line' id='line_1_3' title="bbox 311 319 2175 370; baseline -0.002 -13"><span class='ocrx_word' id='word_1_3' title='bbox 311 339 360 359; x_wconf 86' lang='lat' dir='ltr'>ea.</span> <span class='ocrx_word' id='word_1_4' title='bbox 392 337 454 370; x_wconf 83' lang='lat' dir='ltr'>que</span> <span class='ocrx_word' id='word_1_5' title='bbox 489 323 684 356; x_wconf 84' lang='lat' dir='ltr'>halmerunt.</span> <span class='ocrx_word' id='word_1_6' title='bbox 724 326 1000 367; x_wconf 81' lang='lat' dir='ltr'>consumpserunt</span> <span class='ocrx_word' id='word_1_7' title='bbox 1041 326 1070 354; x_wconf 87' lang='lat' dir='ltr'>et</span> <span class='ocrx_word' id='word_1_8' title='bbox 1110 320 1386 366; x_wconf 67' lang='lat' dir='ltr'>dilapidaverunt.</span> <span class='ocrx_word' id='word_1_9' title='bbox 1423 320 1574 355; x_wconf 86' lang='lat' dir='ltr'>uolentes</span> <span class='ocrx_word' id='word_1_10' title='bbox 1612 320 1698 366; x_wconf 88' lang='lat' dir='ltr'>qnod</span> <span class='ocrx_word' id='word_1_11' title='bbox 1735 320 1776 353; x_wconf 90' lang='lat' dir='ltr'>de</span> <span class='ocrx_word' id='word_1_12' title='bbox 1816 319 1909 354; x_wconf 83' lang='lat' dir='ltr'>honis</span> <span class='ocrx_word' id='word_1_13' title='bbox 1947 331 2061 354; x_wconf 89' lang='lat' dir='ltr'>eorum</span> <span class='ocrx_word' id='word_1_14' title='bbox 2101 324 2175 365; x_wconf 89' lang='lat' dir='ltr'>post.</span> 
     </span>
     <span class='ocr_line' id='line_1_4' title="bbox 312 380 2174 429; baseline -0.002 -10"><span class='ocrx_word' id='word_1_15' title='bbox 312 390 448 419; x_wconf 80' lang='lat' dir='ltr'>mortem</span> <span class='ocrx_word' id='word_1_16' title='bbox 480 388 623 429; x_wconf 74' lang='lat' dir='ltr'>ipsorum</span> <span class='ocrx_word' id='word_1_17' title='bbox 659 383 778 427; x_wconf 82' lang='lat' dir='ltr'>aliquid</span> <span class='ocrx_word' id='word_1_18' title='bbox 809 386 996 415; x_wconf 87' lang='lat' dir='ltr'>remaneret</span> <span class='ocrx_word' id='word_1_19' title='bbox 1038 386 1066 415; x_wconf 88' lang='lat' dir='ltr'>et</span> <span class='ocrx_word' id='word_1_20' title='bbox 1106 385 1153 416; x_wconf 79' lang='lat' dir='ltr'>sie</span> <span class='ocrx_word' id='word_1_21' title='bbox 1183 381 1316 426; x_wconf 82' lang='lat' dir='ltr'>quilibet</span> <span class='ocrx_word' id='word_1_22' title='bbox 1357 392 1421 414; x_wconf 91' lang='lat' dir='ltr'>non</span> <span class='ocrx_word' id='word_1_23' title='bbox 1457 381 1623 425; x_wconf 69' lang='lat' dir='ltr'>cogitabat</span> <span class='ocrx_word' id='word_1_24' title='bbox 1663 381 1703 414; x_wconf 92' lang='lat' dir='ltr'>de</span> <span class='ocrx_word' id='word_1_25' title='bbox 1740 380 1839 415; x_wconf 87' lang='lat' dir='ltr'>rebus</span> <span class='ocrx_word' id='word_1_26' title='bbox 1875 383 1942 415; x_wconf 86' lang='lat' dir='ltr'>suis</span> <span class='ocrx_word' id='word_1_27' title='bbox 1979 384 2174 427; x_wconf 81' lang='lat' dir='ltr'>prospicere</span> 
     </span>
     <span class='ocr_line' id='line_1_5' title="bbox 311 441 2177 490; baseline -0.002 -11"><span class='ocrx_word' id='word_1_28' title='bbox 311 458 416 490; x_wconf 81' lang='lat' dir='ltr'>neque</span> <span class='ocrx_word' id='word_1_29' title='bbox 447 446 562 478; x_wconf 84' lang='lat' dir='ltr'>l&#39;uturis</span> <span class='ocrx_word' id='word_1_30' title='bbox 592 443 775 477; x_wconf 87' lang='lat' dir='ltr'>eonnnodis</span> <span class='ocrx_word' id='word_1_31' title='bbox 806 441 984 477; x_wconf 87' lang='lat' dir='ltr'>intedehat.</span> <span class='ocrx_word' id='word_1_32' title='bbox 1016 443 1102 476; x_wconf 91' lang='lat' dir='ltr'>unde</span> <span class='ocrx_word' id='word_1_33' title='bbox 1132 453 1308 475; x_wconf 88' lang='lat' dir='ltr'>commune</span> <span class='ocrx_word' id='word_1_34' title='bbox 1347 441 1468 475; x_wconf 88' lang='lat' dir='ltr'>honum</span> <span class='ocrx_word' id='word_1_35' title='bbox 1499 445 1528 475; x_wconf 94' lang='lat' dir='ltr'>in</span> <span class='ocrx_word' id='word_1_36' title='bbox 1569 445 1637 488; x_wconf 89' lang='lat' dir='ltr'>ipsa</span> <span class='ocrx_word' id='word_1_37' title='bbox 1677 444 1769 488; x_wconf 85' lang='lat' dir='ltr'>periit</span> <span class='ocrx_word' id='word_1_38' title='bbox 1801 444 1936 475; x_wconf 83' lang='lat' dir='ltr'>civitate</span> <span class='ocrx_word' id='word_1_39' title='bbox 1976 446 2007 475; x_wconf 88' lang='lat' dir='ltr'>et</span> <span class='ocrx_word' id='word_1_40' title='bbox 2037 441 2177 476; x_wconf 81' lang='lat' dir='ltr'>finaliter</span> 
     </span>
     <span class='ocr_line' id='line_1_6' title="bbox 311 502 2176 549; baseline -0.001 -11"><span class='ocrx_word' id='word_1_41' title='bbox 311 505 470 543; x_wconf 57' lang='lat' dir='ltr'>sei-:ebat</span> <span class='ocrx_word' id='word_1_42' title='bbox 503 508 532 538; x_wconf 88' lang='lat' dir='ltr'>in</span> <span class='ocrx_word' id='word_1_43' title='bbox 563 505 828 538; x_wconf 83' lang='lat' dir='ltr'>destruccionem</span> <span class='ocrx_word' id='word_1_44' title='bbox 861 507 930 536; x_wconf 87' lang='lat' dir='ltr'>eius</span> <span class='ocrx_word' id='word_1_45' title='bbox 968 506 998 537; x_wconf 93' lang='lat' dir='ltr'>in</span> <span class='ocrx_word' id='word_1_46' title='bbox 1028 503 1205 549; x_wconf 90' lang='lat' dir='ltr'>dampnum</span> <span class='ocrx_word' id='word_1_47' title='bbox 1246 507 1393 536; x_wconf 78' lang='lat' dir='ltr'>nostrum</span> <span class='ocrx_word' id='word_1_48' title='bbox 1424 507 1453 536; x_wconf 91' lang='lat' dir='ltr'>et</span> <span class='ocrx_word' id='word_1_49' title='bbox 1485 505 1587 548; x_wconf 81' lang='lat' dir='ltr'>ipsius</span> <span class='ocrx_word' id='word_1_50' title='bbox 1616 503 1760 536; x_wconf 84' lang='lat' dir='ltr'>ecclesie</span> <span class='ocrx_word' id='word_1_51' title='bbox 1800 507 1913 536; x_wconf 90' lang='lat' dir='ltr'>nostre</span> <span class='ocrx_word' id='word_1_52' title='bbox 1943 502 2176 537; x_wconf 85' lang='lat' dir='ltr'>Olomucensis</span> 
     </span>
     <span class='ocr_line' id='line_1_7' title="bbox 311 562 2176 613; baseline -0.002 -14"><span class='ocrx_word' id='word_1_53' title='bbox 311 566 525 613; x_wconf 86' lang='lat' dir='ltr'>prejudicium</span> <span class='ocrx_word' id='word_1_54' title='bbox 557 565 777 598; x_wconf 80' lang='lat' dir='ltr'>manifestum.</span> <span class='ocrx_word' id='word_1_55' title='bbox 836 563 916 599; x_wconf 74' lang='lat' dir='ltr'>Nos.</span> <span class='ocrx_word' id='word_1_56' title='bbox 947 576 1030 609; x_wconf 89' lang='lat' dir='ltr'>quos</span> <span class='ocrx_word' id='word_1_57' title='bbox 1068 564 1247 597; x_wconf 88' lang='lat' dir='ltr'>altissimus</span> <span class='ocrx_word' id='word_1_58' title='bbox 1284 574 1348 596; x_wconf 89' lang='lat' dir='ltr'>non</span> <span class='ocrx_word' id='word_1_59' title='bbox 1379 566 1501 597; x_wconf 81' lang='lat' dir='ltr'>nostris</span> <span class='ocrx_word' id='word_1_60' title='bbox 1531 566 1656 597; x_wconf 82' lang='lat' dir='ltr'>meritis</span> <span class='ocrx_word' id='word_1_61' title='bbox 1686 566 1747 609; x_wconf 77' lang='lat' dir='ltr'>ipsi</span> <span class='ocrx_word' id='word_1_62' title='bbox 1778 562 1992 597; x_wconf 62' lang='lat' dir='ltr'>(ilomucensi</span> <span class='ocrx_word' id='word_1_63' title='bbox 2031 563 2176 597; x_wconf 72' lang='lat' dir='ltr'>ecclesie</span> 
     </span>
     <span class='ocr_line' id='line_1_8' title="bbox 310 623 2174 673; baseline -0.001 -14"><span class='ocrx_word' id='word_1_64' title='bbox 310 638 445 673; x_wconf 69' lang='lat' dir='ltr'>preesse</span> <span class='ocrx_word' id='word_1_65' title='bbox 467 627 637 671; x_wconf 66' lang='lat' dir='ltr'>disposuit-</span> <span class='ocrx_word' id='word_1_66' title='bbox 670 625 820 659; x_wconf 73' lang='lat' dir='ltr'>volentes</span> <span class='ocrx_word' id='word_1_67' title='bbox 841 624 1002 658; x_wconf 88' lang='lat' dir='ltr'>adhibere</span> <span class='ocrx_word' id='word_1_68' title='bbox 1033 625 1085 658; x_wconf 91' lang='lat' dir='ltr'>tali</span> <span class='ocrx_word' id='word_1_69' title='bbox 1117 623 1231 658; x_wconf 87' lang='lat' dir='ltr'>morbo</span> <span class='ocrx_word' id='word_1_70' title='bbox 1253 635 1435 668; x_wconf 76' lang='lat' dir='ltr'>congruam</span> <span class='ocrx_word' id='word_1_71' title='bbox 1468 624 1664 658; x_wconf 90' lang='lat' dir='ltr'>medicinam</span> <span class='ocrx_word' id='word_1_72' title='bbox 1695 635 1733 657; x_wconf 86' lang='lat' dir='ltr'>ac</span> <span class='ocrx_word' id='word_1_73' title='bbox 1755 635 1815 657; x_wconf 90' lang='lat' dir='ltr'>nos</span> <span class='ocrx_word' id='word_1_74' title='bbox 1845 624 1957 657; x_wconf 79' lang='lat' dir='ltr'>divino</span> <span class='ocrx_word' id='word_1_75' title='bbox 1978 628 2009 657; x_wconf 93' lang='lat' dir='ltr'>et</span> <span class='ocrx_word' id='word_1_76' title='bbox 2030 623 2174 657; x_wconf 85' lang='lat' dir='ltr'>humano</span> 
     </span>
     <span class='ocr_line' id='line_1_9' title="bbox 305 683 2173 733; baseline -0.002 -12"><span class='ocrx_word' id='word_1_77' title='bbox 305 690 370 733; x_wconf 84' lang='lat' dir='ltr'>juri</span> <span class='ocrx_word' id='word_1_78' title='bbox 391 692 545 733; x_wconf 77' lang='lat' dir='ltr'>‹pianttnn</span> <span class='ocrx_word' id='word_1_79' title='bbox 569 698 743 733; x_wconf 84' lang='lat' dir='ltr'>possumus</span> <span class='ocrx_word' id='word_1_80' title='bbox 764 685 990 721; x_wconf 73' lang='lat' dir='ltr'>conformare.</span> <span class='ocrx_word' id='word_1_81' title='bbox 1025 685 1065 719; x_wconf 91' lang='lat' dir='ltr'>de</span> <span class='ocrx_word' id='word_1_82' title='bbox 1095 685 1233 719; x_wconf 89' lang='lat' dir='ltr'>consilio</span> <span class='ocrx_word' id='word_1_83' title='bbox 1254 687 1495 718; x_wconf 73' lang='lat' dir='ltr'>conveniencia</span> <span class='ocrx_word' id='word_1_84' title='bbox 1518 689 1547 718; x_wconf 91' lang='lat' dir='ltr'>et</span> <span class='ocrx_word' id='word_1_85' title='bbox 1570 696 1735 718; x_wconf 89' lang='lat' dir='ltr'>consensu</span> <span class='ocrx_word' id='word_1_86' title='bbox 1758 683 1999 718; x_wconf 77' lang='lat' dir='ltr'>honorabilium</span> <span class='ocrx_word' id='word_1_87' title='bbox 2026 687 2173 718; x_wconf 89' lang='lat' dir='ltr'>virorum</span> 
     </span>
     <span class='ocr_line' id='line_1_10' title="bbox 309 744 2174 792; baseline -0.002 -11"><span class='ocrx_word' id='word_1_88' title='bbox 309 750 515 782; x_wconf 84' lang='lat' dir='ltr'>dominorum</span> <span class='ocrx_word' id='word_1_89' title='bbox 547 748 663 781; x_wconf 87' lang='lat' dir='ltr'>decani</span> <span class='ocrx_word' id='word_1_90' title='bbox 693 749 851 792; x_wconf 87' lang='lat' dir='ltr'>prepositi</span> <span class='ocrx_word' id='word_1_91' title='bbox 882 752 910 780; x_wconf 92' lang='lat' dir='ltr'>et</span> <span class='ocrx_word' id='word_1_92' title='bbox 942 746 1074 792; x_wconf 88' lang='lat' dir='ltr'>capituli</span> <span class='ocrx_word' id='word_1_93' title='bbox 1105 746 1191 779; x_wconf 90' lang='lat' dir='ltr'>dicte</span> <span class='ocrx_word' id='word_1_94' title='bbox 1221 745 1365 779; x_wconf 86' lang='lat' dir='ltr'>ecclesie</span> <span class='ocrx_word' id='word_1_95' title='bbox 1401 750 1514 779; x_wconf 85' lang='lat' dir='ltr'>nostre</span> <span class='ocrx_word' id='word_1_96' title='bbox 1545 744 1779 779; x_wconf 88' lang='lat' dir='ltr'>Olomucensis</span> <span class='ocrx_word' id='word_1_97' title='bbox 1810 745 1945 779; x_wconf 78' lang='lat' dir='ltr'>fratrum</span> <span class='ocrx_word' id='word_1_98' title='bbox 1985 749 2174 780; x_wconf 86' lang='lat' dir='ltr'>nostrorum</span> 
     </span>
     <span class='ocr_line' id='line_1_11' title="bbox 308 804 2175 854; baseline -0.001 -13"><span class='ocrx_word' id='word_1_99' title='bbox 308 812 555 842; x_wconf 72' lang='lat' dir='ltr'>carissimorum</span> <span class='ocrx_word' id='word_1_100' title='bbox 586 811 616 841; x_wconf 89' lang='lat' dir='ltr'>in</span> <span class='ocrx_word' id='word_1_101' title='bbox 647 808 789 854; x_wconf 90' lang='lat' dir='ltr'>capitulo</span> <span class='ocrx_word' id='word_1_102' title='bbox 819 819 934 841; x_wconf 90' lang='lat' dir='ltr'>eorum</span> <span class='ocrx_word' id='word_1_103' title='bbox 965 807 1116 852; x_wconf 71' lang='lat' dir='ltr'>generali</span> <span class='ocrx_word' id='word_1_104' title='bbox 1146 806 1371 841; x_wconf 84' lang='lat' dir='ltr'>considerato.</span> <span class='ocrx_word' id='word_1_105' title='bbox 1409 806 1495 851; x_wconf 88' lang='lat' dir='ltr'>quod</span> <span class='ocrx_word' id='word_1_106' title='bbox 1526 808 1595 851; x_wconf 86' lang='lat' dir='ltr'>ipsa</span> <span class='ocrx_word' id='word_1_107' title='bbox 1626 808 1744 839; x_wconf 81' lang='lat' dir='ltr'>civitas</span> <span class='ocrx_word' id='word_1_108' title='bbox 1771 805 1926 840; x_wconf 85' lang='lat' dir='ltr'>Ostravia</span> <span class='ocrx_word' id='word_1_109' title='bbox 1957 809 1987 839; x_wconf 95' lang='lat' dir='ltr'>in</span> <span class='ocrx_word' id='word_1_110' title='bbox 2024 804 2175 839; x_wconf 83' lang='lat' dir='ltr'>confiniis</span> 
     </span>
     <span class='ocr_line' id='line_1_12' title="bbox 309 866 2174 915; baseline -0.001 -12"><span class='ocrx_word' id='word_1_111' title='bbox 309 873 346 903; x_wconf 73' lang='lat' dir='ltr'>sit</span> <span class='ocrx_word' id='word_1_112' title='bbox 368 873 428 903; x_wconf 76' lang='lat' dir='ltr'>sita</span> <span class='ocrx_word' id='word_1_113' title='bbox 451 872 661 915; x_wconf 81' lang='lat' dir='ltr'>episcopatus</span> <span class='ocrx_word' id='word_1_114' title='bbox 692 871 794 902; x_wconf 88' lang='lat' dir='ltr'>nostri</span> <span class='ocrx_word' id='word_1_115' title='bbox 816 868 1061 902; x_wconf 71' lang='lat' dir='ltr'>olomucensis.</span> <span class='ocrx_word' id='word_1_116' title='bbox 1093 867 1145 900; x_wconf 92' lang='lat' dir='ltr'>ubi</span> <span class='ocrx_word' id='word_1_117' title='bbox 1167 871 1367 900; x_wconf 89' lang='lat' dir='ltr'>concurrunt</span> <span class='ocrx_word' id='word_1_118' title='bbox 1399 866 1480 900; x_wconf 88' lang='lat' dir='ltr'>lines</span> <span class='ocrx_word' id='word_1_119' title='bbox 1510 870 1542 900; x_wconf 89' lang='lat' dir='ltr'>et</span> <span class='ocrx_word' id='word_1_120' title='bbox 1561 869 1711 911; x_wconf 76' lang='lat' dir='ltr'>granicie</span> <span class='ocrx_word' id='word_1_121' title='bbox 1741 869 1924 912; x_wconf 77' lang='lat' dir='ltr'>principum</span> <span class='ocrx_word' id='word_1_122' title='bbox 1946 866 2174 912; x_wconf 82' lang='lat' dir='ltr'>plurimorum.</span> 
     </span>
     <span class='ocr_line' id='line_1_13' title="bbox 309 926 2175 975; baseline -0.002 -11"><span class='ocrx_word' id='word_1_123' title='bbox 309 934 401 964; x_wconf 82' lang='lat' dir='ltr'>cuius</span> <span class='ocrx_word' id='word_1_124' title='bbox 432 933 611 964; x_wconf 81' lang='lat' dir='ltr'>occasione</span> <span class='ocrx_word' id='word_1_125' title='bbox 654 934 790 975; x_wconf 92' lang='lat' dir='ltr'>propter</span> <span class='ocrx_word' id='word_1_126' title='bbox 820 928 956 962; x_wconf 87' lang='lat' dir='ltr'>hostiles</span> <span class='ocrx_word' id='word_1_127' title='bbox 986 929 1123 962; x_wconf 79' lang='lat' dir='ltr'>insultus</span> <span class='ocrx_word' id='word_1_128' title='bbox 1153 929 1270 972; x_wconf 88' lang='lat' dir='ltr'>majori</span> <span class='ocrx_word' id='word_1_129' title='bbox 1301 927 1426 971; x_wconf 72' lang='lat' dir='ltr'>indiget</span> <span class='ocrx_word' id='word_1_130' title='bbox 1455 927 1604 961; x_wconf 87' lang='lat' dir='ltr'>custodia</span> <span class='ocrx_word' id='word_1_131' title='bbox 1636 926 1875 961; x_wconf 85' lang='lat' dir='ltr'>l&#39;ortilieacione</span> <span class='ocrx_word' id='word_1_132' title='bbox 1905 931 1934 960; x_wconf 90' lang='lat' dir='ltr'>et</span> <span class='ocrx_word' id='word_1_133' title='bbox 1966 929 2175 961; x_wconf 88' lang='lat' dir='ltr'>munimentis</span> 
     </span>
     <span class='ocr_line' id='line_1_14' title="bbox 310 987 2174 1034; baseline -0.002 -9"><span class='ocrx_word' id='word_1_134' title='bbox 310 997 338 1025; x_wconf 84' lang='lat' dir='ltr'>et</span> <span class='ocrx_word' id='word_1_135' title='bbox 371 994 475 1025; x_wconf 85' lang='lat' dir='ltr'>eciam</span> <span class='ocrx_word' id='word_1_136' title='bbox 515 995 544 1024; x_wconf 89' lang='lat' dir='ltr'>ut</span> <span class='ocrx_word' id='word_1_137' title='bbox 577 993 736 1024; x_wconf 78' lang='lat' dir='ltr'>concives</span> <span class='ocrx_word' id='word_1_138' title='bbox 775 988 893 1023; x_wconf 89' lang='lat' dir='ltr'>habeat</span> <span class='ocrx_word' id='word_1_139' title='bbox 934 992 1040 1034; x_wconf 75' lang='lat' dir='ltr'>magis</span> <span class='ocrx_word' id='word_1_140' title='bbox 1080 989 1219 1023; x_wconf 89' lang='lat' dir='ltr'>idoneos</span> <span class='ocrx_word' id='word_1_141' title='bbox 1257 993 1287 1022; x_wconf 93' lang='lat' dir='ltr'>et</span> <span class='ocrx_word' id='word_1_142' title='bbox 1327 987 1488 1022; x_wconf 89' lang='lat' dir='ltr'>habentes</span> <span class='ocrx_word' id='word_1_143' title='bbox 1527 988 1683 1022; x_wconf 88' lang='lat' dir='ltr'>meliores</span> <span class='ocrx_word' id='word_1_144' title='bbox 1722 993 1754 1022; x_wconf 93' lang='lat' dir='ltr'>et</span> <span class='ocrx_word' id='word_1_145' title='bbox 1792 987 1956 1022; x_wconf 74' lang='lat' dir='ltr'>forciores</span> <span class='ocrx_word' id='word_1_146' title='bbox 1993 999 2032 1021; x_wconf 89' lang='lat' dir='ltr'>ac</span> <span class='ocrx_word' id='word_1_147' title='bbox 2071 991 2174 1034; x_wconf 84' lang='lat' dir='ltr'>ipsam</span> 
     </span>
     <span class='ocr_line' id='line_1_15' title="bbox 309 1048 2175 1095; baseline -0.003 -8"><span class='ocrx_word' id='word_1_148' title='bbox 309 1055 476 1087; x_wconf 60' lang='lat' dir='ltr'>cix‘itatem</span> <span class='ocrx_word' id='word_1_149' title='bbox 509 1056 654 1085; x_wconf 88' lang='lat' dir='ltr'>nostram</span> <span class='ocrx_word' id='word_1_150' title='bbox 686 1054 715 1084; x_wconf 93' lang='lat' dir='ltr'>in</span> <span class='ocrx_word' id='word_1_151' title='bbox 746 1050 890 1084; x_wconf 88' lang='lat' dir='ltr'>turribus</span> <span class='ocrx_word' id='word_1_152' title='bbox 921 1053 1022 1083; x_wconf 92' lang='lat' dir='ltr'>muris</span> <span class='ocrx_word' id='word_1_153' title='bbox 1053 1049 1202 1083; x_wconf 92' lang='lat' dir='ltr'>menibus</span> <span class='ocrx_word' id='word_1_154' title='bbox 1231 1052 1385 1095; x_wconf 79' lang='lat' dir='ltr'>pai-canis</span> <span class='ocrx_word' id='word_1_155' title='bbox 1414 1052 1517 1095; x_wconf 83' lang='lat' dir='ltr'>portis</span> <span class='ocrx_word' id='word_1_156' title='bbox 1541 1053 1571 1082; x_wconf 90' lang='lat' dir='ltr'>et</span> <span class='ocrx_word' id='word_1_157' title='bbox 1601 1048 1700 1083; x_wconf 86' lang='lat' dir='ltr'>fossis</span> <span class='ocrx_word' id='word_1_158' title='bbox 1729 1053 1759 1082; x_wconf 92' lang='lat' dir='ltr'>et</span> <span class='ocrx_word' id='word_1_159' title='bbox 1780 1048 1851 1082; x_wconf 88' lang='lat' dir='ltr'>aliis</span> <span class='ocrx_word' id='word_1_160' title='bbox 1881 1048 2175 1082; x_wconf 85' lang='lat' dir='ltr'>sortificacionibus</span> 
     </span>
     <span class='ocr_line' id='line_1_16' title="bbox 309 1109 2174 1156; baseline -0.002 -9"><span class='ocrx_word' id='word_1_161' title='bbox 309 1114 347 1147; x_wconf 92' lang='lat' dir='ltr'>ad</span> <span class='ocrx_word' id='word_1_162' title='bbox 379 1113 607 1146; x_wconf 80' lang='lat' dir='ltr'>defensionem</span> <span class='ocrx_word' id='word_1_163' title='bbox 638 1113 840 1145; x_wconf 85' lang='lat' dir='ltr'>necessariis</span> <span class='ocrx_word' id='word_1_164' title='bbox 871 1112 998 1144; x_wconf 90' lang='lat' dir='ltr'>munire</span> <span class='ocrx_word' id='word_1_165' title='bbox 1038 1111 1169 1144; x_wconf 75' lang='lat' dir='ltr'>valcant</span> <span class='ocrx_word' id='word_1_166' title='bbox 1208 1115 1239 1143; x_wconf 88' lang='lat' dir='ltr'>et</span> <span class='ocrx_word' id='word_1_167' title='bbox 1279 1110 1423 1146; x_wconf 77' lang='lat' dir='ltr'>lii-mare.</span> <span class='ocrx_word' id='word_1_168' title='bbox 1463 1112 1564 1156; x_wconf 86' lang='lat' dir='ltr'>ipsius</span> <span class='ocrx_word' id='word_1_169' title='bbox 1601 1111 1744 1143; x_wconf 88' lang='lat' dir='ltr'>civitatis</span> <span class='ocrx_word' id='word_1_170' title='bbox 1775 1109 1923 1143; x_wconf 85' lang='lat' dir='ltr'>custodie</span> <span class='ocrx_word' id='word_1_171' title='bbox 1953 1111 2106 1144; x_wconf 78' lang='lat' dir='ltr'>insistere</span> <span class='ocrx_word' id='word_1_172' title='bbox 2144 1114 2174 1143; x_wconf 88' lang='lat' dir='ltr'>et</span> 
     </span>
     <span class='ocr_line' id='line_1_17' title="bbox 312 1169 2175 1218; baseline -0.003 -10"><span class='ocrx_word' id='word_1_173' title='bbox 312 1172 565 1208; x_wconf 78' lang='lat' dir='ltr'>necessitatilms</span> <span class='ocrx_word' id='word_1_174' title='bbox 595 1172 786 1218; x_wconf 69' lang='lat' dir='ltr'>providere.</span> <span class='ocrx_word' id='word_1_175' title='bbox 817 1183 834 1204; x_wconf 89' lang='lat' dir='ltr'>a</span> <span class='ocrx_word' id='word_1_176' title='bbox 865 1171 950 1204; x_wconf 90' lang='lat' dir='ltr'>dicta</span> <span class='ocrx_word' id='word_1_177' title='bbox 972 1171 1212 1205; x_wconf 77' lang='lat' dir='ltr'>eonstwtudine</span> <span class='ocrx_word' id='word_1_178' title='bbox 1242 1175 1274 1204; x_wconf 87' lang='lat' dir='ltr'>et</span> <span class='ocrx_word' id='word_1_179' title='bbox 1303 1170 1524 1204; x_wconf 71' lang='lat' dir='ltr'>observancia</span> <span class='ocrx_word' id='word_1_180' title='bbox 1554 1173 1601 1204; x_wconf 86' lang='lat' dir='ltr'>sic</span> <span class='ocrx_word' id='word_1_181' title='bbox 1632 1170 1792 1204; x_wconf 87' lang='lat' dir='ltr'>haetenus</span> <span class='ocrx_word' id='word_1_182' title='bbox 1822 1174 1910 1204; x_wconf 86' lang='lat' dir='ltr'>tenta</span> <span class='ocrx_word' id='word_1_183' title='bbox 1940 1174 1969 1203; x_wconf 90' lang='lat' dir='ltr'>et</span> <span class='ocrx_word' id='word_1_184' title='bbox 1997 1169 2175 1204; x_wconf 86' lang='lat' dir='ltr'>observata</span> 
     </span>
     <span class='ocr_line' id='line_1_18' title="bbox 311 1231 2174 1278; baseline -0.002 -10"><span class='ocrx_word' id='word_1_185' title='bbox 311 1237 511 1268; x_wconf 82' lang='lat' dir='ltr'>recessimus</span> <span class='ocrx_word' id='word_1_186' title='bbox 542 1238 570 1266; x_wconf 89' lang='lat' dir='ltr'>et</span> <span class='ocrx_word' id='word_1_187' title='bbox 603 1232 790 1266; x_wconf 89' lang='lat' dir='ltr'>recedimus</span> <span class='ocrx_word' id='word_1_188' title='bbox 820 1232 860 1265; x_wconf 91' lang='lat' dir='ltr'>de</span> <span class='ocrx_word' id='word_1_189' title='bbox 890 1236 981 1265; x_wconf 89' lang='lat' dir='ltr'>certa</span> <span class='ocrx_word' id='word_1_190' title='bbox 1011 1235 1123 1265; x_wconf 87' lang='lat' dir='ltr'>nostra</span> <span class='ocrx_word' id='word_1_191' title='bbox 1154 1234 1299 1265; x_wconf 80' lang='lat' dir='ltr'>sciencia</span> <span class='ocrx_word' id='word_1_192' title='bbox 1329 1242 1389 1278; x_wconf 88' lang='lat' dir='ltr'>per</span> <span class='ocrx_word' id='word_1_193' title='bbox 1418 1235 1604 1277; x_wconf 53' lang='lat' dir='ltr'>presentesq</span> <span class='ocrx_word' id='word_1_194' title='bbox 1643 1234 1815 1276; x_wconf 91' lang='lat' dir='ltr'>cupientes</span> <span class='ocrx_word' id='word_1_195' title='bbox 1845 1231 2010 1264; x_wconf 87' lang='lat' dir='ltr'>modicum</span> <span class='ocrx_word' id='word_1_196' title='bbox 2049 1231 2174 1265; x_wconf 90' lang='lat' dir='ltr'>lucrum</span> 
     </span>
     <span class='ocr_line' id='line_1_19' title="bbox 310 1291 2178 1338; baseline -0.002 -10"><span class='ocrx_word' id='word_1_197' title='bbox 310 1295 397 1328; x_wconf 90' lang='lat' dir='ltr'>bono</span> <span class='ocrx_word' id='word_1_198' title='bbox 428 1294 554 1327; x_wconf 88' lang='lat' dir='ltr'>meliori</span> <span class='ocrx_word' id='word_1_199' title='bbox 593 1292 757 1327; x_wconf 82' lang='lat' dir='ltr'>salubrius</span> <span class='ocrx_word' id='word_1_200' title='bbox 786 1303 1018 1338; x_wconf 85' lang='lat' dir='ltr'>compensare.</span> <span class='ocrx_word' id='word_1_201' title='bbox 1076 1291 1114 1325; x_wconf 83' lang='lat' dir='ltr'>Et</span> <span class='ocrx_word' id='word_1_202' title='bbox 1154 1296 1184 1325; x_wconf 90' lang='lat' dir='ltr'>ut</span> <span class='ocrx_word' id='word_1_203' title='bbox 1224 1292 1332 1326; x_wconf 92' lang='lat' dir='ltr'>incole</span> <span class='ocrx_word' id='word_1_204' title='bbox 1371 1292 1519 1325; x_wconf 88' lang='lat' dir='ltr'>eiusdem</span> <span class='ocrx_word' id='word_1_205' title='bbox 1556 1296 1670 1326; x_wconf 88' lang='lat' dir='ltr'>nostre</span> <span class='ocrx_word' id='word_1_206' title='bbox 1699 1294 1842 1326; x_wconf 83' lang='lat' dir='ltr'>civitatis</span> <span class='ocrx_word' id='word_1_207' title='bbox 1872 1303 1911 1325; x_wconf 89' lang='lat' dir='ltr'>eo</span> <span class='ocrx_word' id='word_1_208' title='bbox 1941 1291 2107 1325; x_wconf 84' lang='lat' dir='ltr'>fideliores</span> <span class='ocrx_word' id='word_1_209' title='bbox 2146 1296 2178 1325; x_wconf 86' lang='lat' dir='ltr'>et</span> 
     </span>
     <span class='ocr_line' id='line_1_20' title="bbox 311 1352 2177 1401; baseline -0.002 -12"><span class='ocrx_word' id='word_1_210' title='bbox 311 1356 546 1401; x_wconf 70' lang='lat' dir='ltr'>diligenciores</span> <span class='ocrx_word' id='word_1_211' title='bbox 577 1354 768 1388; x_wconf 89' lang='lat' dir='ltr'>reddantur.</span> <span class='ocrx_word' id='word_1_212' title='bbox 799 1364 864 1398; x_wconf 91' lang='lat' dir='ltr'>qno</span> <span class='ocrx_word' id='word_1_213' title='bbox 893 1364 929 1387; x_wconf 90' lang='lat' dir='ltr'>se</span> <span class='ocrx_word' id='word_1_214' title='bbox 951 1354 1067 1397; x_wconf 88' lang='lat' dir='ltr'>majori</span> <span class='ocrx_word' id='word_1_215' title='bbox 1099 1353 1217 1387; x_wconf 82' lang='lat' dir='ltr'>favore</span> <span class='ocrx_word' id='word_1_216' title='bbox 1247 1357 1276 1386; x_wconf 89' lang='lat' dir='ltr'>et</span> <span class='ocrx_word' id='word_1_217' title='bbox 1298 1355 1412 1398; x_wconf 73' lang='lat' dir='ltr'>gracia</span> <span class='ocrx_word' id='word_1_218' title='bbox 1442 1355 1591 1386; x_wconf 87' lang='lat' dir='ltr'>senciant</span> <span class='ocrx_word' id='word_1_219' title='bbox 1620 1357 1830 1398; x_wconf 69' lang='lat' dir='ltr'>prosecutos,</span> <span class='ocrx_word' id='word_1_220' title='bbox 1860 1352 1985 1386; x_wconf 86' lang='lat' dir='ltr'>eisdem</span> <span class='ocrx_word' id='word_1_221' title='bbox 2017 1355 2177 1397; x_wconf 76' lang='lat' dir='ltr'>magistro</span> 
     </span>
     <span class='ocr_line' id='line_1_21' title="bbox 311 1413 2176 1460; baseline -0.002 -11"><span class='ocrx_word' id='word_1_222' title='bbox 311 1420 431 1450; x_wconf 66' lang='lat' dir='ltr'>eivinm</span> <span class='ocrx_word' id='word_1_223' title='bbox 457 1415 559 1460; x_wconf 90' lang='lat' dir='ltr'>judici</span> <span class='ocrx_word' id='word_1_224' title='bbox 590 1413 781 1448; x_wconf 87' lang='lat' dir='ltr'>consulibus</span> <span class='ocrx_word' id='word_1_225' title='bbox 806 1415 925 1458; x_wconf 75' lang='lat' dir='ltr'>juratis</span> <span class='ocrx_word' id='word_1_226' title='bbox 954 1416 1180 1447; x_wconf 84' lang='lat' dir='ltr'>communitati</span> <span class='ocrx_word' id='word_1_227' title='bbox 1210 1419 1239 1447; x_wconf 89' lang='lat' dir='ltr'>et</span> <span class='ocrx_word' id='word_1_228' title='bbox 1270 1414 1409 1458; x_wconf 75' lang='lat' dir='ltr'>singulis</span> <span class='ocrx_word' id='word_1_229' title='bbox 1439 1413 1568 1447; x_wconf 76' lang='lat' dir='ltr'>civibus</span> <span class='ocrx_word' id='word_1_230' title='bbox 1597 1413 1714 1447; x_wconf 89' lang='lat' dir='ltr'>domus</span> <span class='ocrx_word' id='word_1_231' title='bbox 1742 1425 1839 1447; x_wconf 87' lang='lat' dir='ltr'>areas</span> <span class='ocrx_word' id='word_1_232' title='bbox 1860 1413 2023 1447; x_wconf 88' lang='lat' dir='ltr'>domicilia</span> <span class='ocrx_word' id='word_1_233' title='bbox 2045 1416 2176 1459; x_wconf 87' lang='lat' dir='ltr'>propria</span> 
     </span>
     <span class='ocr_line' id='line_1_22' title="bbox 311 1473 2177 1523; baseline -0.002 -12"><span class='ocrx_word' id='word_1_234' title='bbox 311 1482 363 1511; x_wconf 89' lang='lat' dir='ltr'>aut</span> <span class='ocrx_word' id='word_1_235' title='bbox 394 1479 627 1523; x_wconf 86' lang='lat' dir='ltr'>possessiones</span> <span class='ocrx_word' id='word_1_236' title='bbox 657 1475 734 1509; x_wconf 90' lang='lat' dir='ltr'>inibi</span> <span class='ocrx_word' id='word_1_237' title='bbox 764 1474 961 1508; x_wconf 71' lang='lat' dir='ltr'>habentibus</span> <span class='ocrx_word' id='word_1_238' title='bbox 1000 1475 1171 1508; x_wconf 82' lang='lat' dir='ltr'>dumtaxat</span> <span class='ocrx_word' id='word_1_239' title='bbox 1209 1486 1392 1520; x_wconf 87' lang='lat' dir='ltr'>eorumque</span> <span class='ocrx_word' id='word_1_240' title='bbox 1428 1477 1571 1520; x_wconf 88' lang='lat' dir='ltr'>posteris</span> <span class='ocrx_word' id='word_1_241' title='bbox 1609 1477 1640 1507; x_wconf 94' lang='lat' dir='ltr'>in</span> <span class='ocrx_word' id='word_1_242' title='bbox 1671 1474 1826 1508; x_wconf 71' lang='lat' dir='ltr'>Ostravia</span> <span class='ocrx_word' id='word_1_243' title='bbox 1865 1473 2029 1507; x_wconf 87' lang='lat' dir='ltr'>antedicta</span> <span class='ocrx_word' id='word_1_244' title='bbox 2065 1478 2177 1508; x_wconf 87' lang='lat' dir='ltr'>nostra</span> 
     </span>
     <span class='ocr_line' id='line_1_23' title="bbox 312 1533 2178 1581; baseline -0.002 -9"><span class='ocrx_word' id='word_1_245' title='bbox 312 1541 445 1572; x_wconf 75' lang='lat' dir='ltr'>civitate</span> <span class='ocrx_word' id='word_1_246' title='bbox 475 1539 703 1570; x_wconf 88' lang='lat' dir='ltr'>concessimus</span> <span class='ocrx_word' id='word_1_247' title='bbox 734 1541 763 1569; x_wconf 90' lang='lat' dir='ltr'>et</span> <span class='ocrx_word' id='word_1_248' title='bbox 799 1535 1008 1570; x_wconf 83' lang='lat' dir='ltr'>donavimus.</span> <span class='ocrx_word' id='word_1_249' title='bbox 1040 1539 1156 1569; x_wconf 89' lang='lat' dir='ltr'>tenore</span> <span class='ocrx_word' id='word_1_250' title='bbox 1190 1538 1400 1581; x_wconf 87' lang='lat' dir='ltr'>presencium</span> <span class='ocrx_word' id='word_1_251' title='bbox 1430 1537 1585 1579; x_wconf 74' lang='lat' dir='ltr'>graciose</span> <span class='ocrx_word' id='word_1_252' title='bbox 1615 1534 1829 1568; x_wconf 87' lang='lat' dir='ltr'>concedimus</span> <span class='ocrx_word' id='word_1_253' title='bbox 1858 1533 1973 1568; x_wconf 86' lang='lat' dir='ltr'>damus</span> <span class='ocrx_word' id='word_1_254' title='bbox 1998 1533 2178 1568; x_wconf 76' lang='lat' dir='ltr'>liberaliter</span> 
     </span>
     <span class='ocr_line' id='line_1_24' title="bbox 313 1594 2179 1642; baseline -0.002 -10"><span class='ocrx_word' id='word_1_255' title='bbox 313 1604 343 1632; x_wconf 87' lang='lat' dir='ltr'>et</span> <span class='ocrx_word' id='word_1_256' title='bbox 365 1596 684 1632; x_wconf 83' lang='lat' dir='ltr'>donamusliberam</span> <span class='ocrx_word' id='word_1_257' title='bbox 714 1600 911 1642; x_wconf 87' lang='lat' dir='ltr'>potestatem</span> <span class='ocrx_word' id='word_1_258' title='bbox 943 1607 1076 1629; x_wconf 79' lang='lat' dir='ltr'>exnunc</span> <span class='ocrx_word' id='word_1_259' title='bbox 1105 1598 1136 1629; x_wconf 92' lang='lat' dir='ltr'>in</span> <span class='ocrx_word' id='word_1_260' title='bbox 1166 1600 1262 1630; x_wconf 86' lang='lat' dir='ltr'>antea</span> <span class='ocrx_word' id='word_1_261' title='bbox 1289 1598 1371 1629; x_wconf 88' lang='lat' dir='ltr'>etin</span> <span class='ocrx_word' id='word_1_262' title='bbox 1401 1599 1609 1641; x_wconf 82' lang='lat' dir='ltr'>perpetuum.</span> <span class='ocrx_word' id='word_1_263' title='bbox 1641 1599 1671 1629; x_wconf 93' lang='lat' dir='ltr'>ut</span> <span class='ocrx_word' id='word_1_264' title='bbox 1702 1598 1781 1640; x_wconf 89' lang='lat' dir='ltr'>ipsis</span> <span class='ocrx_word' id='word_1_265' title='bbox 1811 1594 1951 1639; x_wconf 74' lang='lat' dir='ltr'>civibus,</span> <span class='ocrx_word' id='word_1_266' title='bbox 1981 1598 2035 1640; x_wconf 92' lang='lat' dir='ltr'>qui</span> <span class='ocrx_word' id='word_1_267' title='bbox 2064 1599 2179 1629; x_wconf 83' lang='lat' dir='ltr'>carent</span> 
     </span>
     <span class='ocr_line' id='line_1_25' title="bbox 313 1655 2178 1703; baseline -0.002 -11"><span class='ocrx_word' id='word_1_268' title='bbox 313 1659 384 1693; x_wconf 86' lang='lat' dir='ltr'>liliis</span> <span class='ocrx_word' id='word_1_269' title='bbox 415 1663 443 1691; x_wconf 89' lang='lat' dir='ltr'>et</span> <span class='ocrx_word' id='word_1_270' title='bbox 476 1657 615 1692; x_wconf 81' lang='lat' dir='ltr'>liliabuS.</span> <span class='ocrx_word' id='word_1_271' title='bbox 645 1659 900 1703; x_wconf 82' lang='lat' dir='ltr'>propinquiores</span> <span class='ocrx_word' id='word_1_272' title='bbox 930 1667 1045 1689; x_wconf 85' lang='lat' dir='ltr'>eorum</span> <span class='ocrx_word' id='word_1_273' title='bbox 1075 1659 1173 1690; x_wconf 88' lang='lat' dir='ltr'>amici</span> <span class='ocrx_word' id='word_1_274' title='bbox 1202 1661 1276 1702; x_wconf 90' lang='lat' dir='ltr'>post</span> <span class='ocrx_word' id='word_1_275' title='bbox 1305 1661 1444 1690; x_wconf 87' lang='lat' dir='ltr'>mortem</span> <span class='ocrx_word' id='word_1_276' title='bbox 1485 1668 1612 1699; x_wconf 60' lang='lat' dir='ltr'>eorunn</span> <span class='ocrx_word' id='word_1_277' title='bbox 1652 1659 1758 1690; x_wconf 85' lang='lat' dir='ltr'>eciam</span> <span class='ocrx_word' id='word_1_278' title='bbox 1788 1658 1814 1690; x_wconf 87' lang='lat' dir='ltr'>si</span> <span class='ocrx_word' id='word_1_279' title='bbox 1848 1660 1945 1689; x_wconf 86' lang='lat' dir='ltr'>antea</span> <span class='ocrx_word' id='word_1_280' title='bbox 1974 1655 2015 1689; x_wconf 89' lang='lat' dir='ltr'>ab</span> <span class='ocrx_word' id='word_1_281' title='bbox 2053 1655 2178 1689; x_wconf 88' lang='lat' dir='ltr'>eisdem</span> 
     </span>
     <span class='ocr_line' id='line_1_26' title="bbox 313 1716 2180 1763; baseline -0.002 -10"><span class='ocrx_word' id='word_1_282' title='bbox 313 1724 424 1753; x_wconf 87' lang='lat' dir='ltr'>essent</span> <span class='ocrx_word' id='word_1_283' title='bbox 456 1718 564 1752; x_wconf 79' lang='lat' dir='ltr'>divisi.</span> <span class='ocrx_word' id='word_1_284' title='bbox 595 1721 625 1751; x_wconf 94' lang='lat' dir='ltr'>in</span> <span class='ocrx_word' id='word_1_285' title='bbox 647 1721 714 1752; x_wconf 88' lang='lat' dir='ltr'>suis</span> <span class='ocrx_word' id='word_1_286' title='bbox 743 1716 1012 1763; x_wconf 63' lang='lat' dir='ltr'>possessionibus</span> <span class='ocrx_word' id='word_1_287' title='bbox 1043 1717 1281 1751; x_wconf 74' lang='lat' dir='ltr'>hereditatibus</span> <span class='ocrx_word' id='word_1_288' title='bbox 1302 1716 1397 1751; x_wconf 85' lang='lat' dir='ltr'>bonis</span> <span class='ocrx_word' id='word_1_289' title='bbox 1418 1722 1448 1751; x_wconf 91' lang='lat' dir='ltr'>et</span> <span class='ocrx_word' id='word_1_290' title='bbox 1479 1716 1579 1751; x_wconf 87' lang='lat' dir='ltr'>rebus</span> <span class='ocrx_word' id='word_1_291' title='bbox 1608 1728 1668 1762; x_wconf 85' lang='lat' dir='ltr'>per</span> <span class='ocrx_word' id='word_1_292' title='bbox 1697 1719 1786 1763; x_wconf 91' lang='lat' dir='ltr'>ipsos</span> <span class='ocrx_word' id='word_1_293' title='bbox 1807 1716 1975 1751; x_wconf 86' lang='lat' dir='ltr'>derelictis</span> <span class='ocrx_word' id='word_1_294' title='bbox 1995 1716 2180 1751; x_wconf 76' lang='lat' dir='ltr'>succedere</span> 
     </span>
     <span class='ocr_line' id='line_1_27' title="bbox 313 1777 2212 1826; baseline 0 -15"><span class='ocrx_word' id='word_1_295' title='bbox 313 1783 437 1826; x_wconf 87' lang='lat' dir='ltr'>possint</span> <span class='ocrx_word' id='word_1_296' title='bbox 469 1784 498 1813; x_wconf 93' lang='lat' dir='ltr'>et</span> <span class='ocrx_word' id='word_1_297' title='bbox 529 1779 673 1812; x_wconf 77' lang='lat' dir='ltr'>valeant.</span> <span class='ocrx_word' id='word_1_298' title='bbox 705 1790 743 1812; x_wconf 87' lang='lat' dir='ltr'>ae</span> <span class='ocrx_word' id='word_1_299' title='bbox 773 1781 919 1824; x_wconf 91' lang='lat' dir='ltr'>ipsorum</span> <span class='ocrx_word' id='word_1_300' title='bbox 951 1781 1184 1824; x_wconf 87' lang='lat' dir='ltr'>possessiones</span> <span class='ocrx_word' id='word_1_301' title='bbox 1214 1777 1419 1812; x_wconf 79' lang='lat' dir='ltr'>hereditates</span> <span class='ocrx_word' id='word_1_302' title='bbox 1453 1778 1539 1812; x_wconf 89' lang='lat' dir='ltr'>bona</span> <span class='ocrx_word' id='word_1_303' title='bbox 1569 1782 1602 1812; x_wconf 85' lang='lat' dir='ltr'>et</span> <span class='ocrx_word' id='word_1_304' title='bbox 1630 1789 1684 1811; x_wconf 88' lang='lat' dir='ltr'>res</span> <span class='ocrx_word' id='word_1_305' title='bbox 1713 1780 1761 1812; x_wconf 90' lang='lat' dir='ltr'>sic</span> <span class='ocrx_word' id='word_1_306' title='bbox 1790 1781 1862 1824; x_wconf 90' lang='lat' dir='ltr'>post</span> <span class='ocrx_word' id='word_1_307' title='bbox 1893 1788 2008 1811; x_wconf 89' lang='lat' dir='ltr'>eorum</span> <span class='ocrx_word' id='word_1_308' title='bbox 2039 1781 2178 1811; x_wconf 85' lang='lat' dir='ltr'>mortem</span> <span class='ocrx_word' id='word_1_309' title='bbox 2209 1794 2212 1797; x_wconf 40' lang='lat' dir='ltr'>v</span> 
     </span>
     <span class='ocr_line' id='line_1_28' title="bbox 313 1838 2181 1885; baseline -0.002 -10"><span class='ocrx_word' id='word_1_310' title='bbox 313 1842 446 1875; x_wconf 88' lang='lat' dir='ltr'>relictas</span> <span class='ocrx_word' id='word_1_311' title='bbox 476 1839 579 1873; x_wconf 87' lang='lat' dir='ltr'>libere</span> <span class='ocrx_word' id='word_1_312' title='bbox 600 1839 691 1873; x_wconf 87' lang='lat' dir='ltr'>adire</span> <span class='ocrx_word' id='word_1_313' title='bbox 712 1842 865 1884; x_wconf 86' lang='lat' dir='ltr'>recipere</span> <span class='ocrx_word' id='word_1_314' title='bbox 895 1843 1011 1872; x_wconf 89' lang='lat' dir='ltr'>tenere</span> <span class='ocrx_word' id='word_1_315' title='bbox 1032 1843 1062 1872; x_wconf 86' lang='lat' dir='ltr'>et</span> <span class='ocrx_word' id='word_1_316' title='bbox 1093 1838 1267 1884; x_wconf 88' lang='lat' dir='ltr'>possidere</span> <span class='ocrx_word' id='word_1_317' title='bbox 1287 1842 1359 1873; x_wconf 87' lang='lat' dir='ltr'>sine</span> <span class='ocrx_word' id='word_1_318' title='bbox 1380 1842 1467 1873; x_wconf 89' lang='lat' dir='ltr'>omni</span> <span class='ocrx_word' id='word_1_319' title='bbox 1489 1838 1724 1885; x_wconf 89' lang='lat' dir='ltr'>impedimento</span> <span class='ocrx_word' id='word_1_320' title='bbox 1754 1843 1785 1872; x_wconf 87' lang='lat' dir='ltr'>et</span> <span class='ocrx_word' id='word_1_321' title='bbox 1813 1838 2038 1884; x_wconf 87' lang='lat' dir='ltr'>inquietudine</span> <span class='ocrx_word' id='word_1_322' title='bbox 2058 1840 2181 1872; x_wconf 86' lang='lat' dir='ltr'>nostris</span> 
     </span>
     <span class='ocr_line' id='line_1_29' title="bbox 313 1898 2180 1945; baseline -0.002 -10"><span class='ocrx_word' id='word_1_323' title='bbox 313 1906 343 1935; x_wconf 88' lang='lat' dir='ltr'>et</span> <span class='ocrx_word' id='word_1_324' title='bbox 374 1905 564 1935; x_wconf 89' lang='lat' dir='ltr'>nostrorum</span> <span class='ocrx_word' id='word_1_325' title='bbox 594 1910 828 1933; x_wconf 79' lang='lat' dir='ltr'>successorum</span> <span class='ocrx_word' id='word_1_326' title='bbox 849 1910 888 1932; x_wconf 84' lang='lat' dir='ltr'>ac</span> <span class='ocrx_word' id='word_1_327' title='bbox 918 1898 1137 1933; x_wconf 85' lang='lat' dir='ltr'>officiatorum</span> <span class='ocrx_word' id='word_1_328' title='bbox 1168 1899 1372 1945; x_wconf 83' lang='lat' dir='ltr'>temporibus</span> <span class='ocrx_word' id='word_1_329' title='bbox 1394 1900 1553 1934; x_wconf 79' lang='lat' dir='ltr'>affuturis.</span> <span class='ocrx_word' id='word_1_330' title='bbox 1584 1899 1630 1933; x_wconf 84' lang='lat' dir='ltr'>Ita</span> <span class='ocrx_word' id='word_1_331' title='bbox 1661 1904 1783 1939; x_wconf 71' lang='lat' dir='ltr'>tamen,</span> <span class='ocrx_word' id='word_1_332' title='bbox 1813 1899 1898 1945; x_wconf 88' lang='lat' dir='ltr'>quod</span> <span class='ocrx_word' id='word_1_333' title='bbox 1930 1899 2012 1933; x_wconf 81' lang='lat' dir='ltr'>tales</span> <span class='ocrx_word' id='word_1_334' title='bbox 2037 1898 2180 1932; x_wconf 89' lang='lat' dir='ltr'>heredes</span> 
     </span>
     <span class='ocr_line' id='line_1_30' title="bbox 315 1959 2179 2007; baseline -0.002 -11"><span class='ocrx_word' id='word_1_335' title='bbox 315 1967 344 1996; x_wconf 85' lang='lat' dir='ltr'>et</span> <span class='ocrx_word' id='word_1_336' title='bbox 375 1964 471 1995; x_wconf 89' lang='lat' dir='ltr'>amici</span> <span class='ocrx_word' id='word_1_337' title='bbox 501 1963 769 2007; x_wconf 78' lang='lat' dir='ltr'>propinquiores.</span> <span class='ocrx_word' id='word_1_338' title='bbox 800 1962 852 2005; x_wconf 90' lang='lat' dir='ltr'>qui</span> <span class='ocrx_word' id='word_1_339' title='bbox 882 1962 1116 2006; x_wconf 84' lang='lat' dir='ltr'>possessiones</span> <span class='ocrx_word' id='word_1_340' title='bbox 1145 1959 1349 1994; x_wconf 85' lang='lat' dir='ltr'>hereditates</span> <span class='ocrx_word' id='word_1_341' title='bbox 1386 1959 1471 1994; x_wconf 90' lang='lat' dir='ltr'>bona</span> <span class='ocrx_word' id='word_1_342' title='bbox 1511 1964 1543 1994; x_wconf 88' lang='lat' dir='ltr'>et</span> <span class='ocrx_word' id='word_1_343' title='bbox 1571 1971 1626 1994; x_wconf 89' lang='lat' dir='ltr'>res</span> <span class='ocrx_word' id='word_1_344' title='bbox 1655 1962 1703 1994; x_wconf 89' lang='lat' dir='ltr'>sic</span> <span class='ocrx_word' id='word_1_345' title='bbox 1738 1959 1872 1994; x_wconf 89' lang='lat' dir='ltr'>relictas</span> <span class='ocrx_word' id='word_1_346' title='bbox 1901 1959 2114 2003; x_wconf 68' lang='lat' dir='ltr'>obtinuerint,</span> <span class='ocrx_word' id='word_1_347' title='bbox 2147 1961 2179 1993; x_wconf 90' lang='lat' dir='ltr'>in</span> 
     </span>
     <span class='ocr_line' id='line_1_31' title="bbox 313 2020 2179 2068; baseline -0.002 -11"><span class='ocrx_word' id='word_1_348' title='bbox 313 2023 438 2057; x_wconf 89' lang='lat' dir='ltr'>eisdem</span> <span class='ocrx_word' id='word_1_349' title='bbox 468 2021 690 2068; x_wconf 78' lang='lat' dir='ltr'>personaliter</span> <span class='ocrx_word' id='word_1_350' title='bbox 718 2020 886 2053; x_wconf 84' lang='lat' dir='ltr'>resideant</span> <span class='ocrx_word' id='word_1_351' title='bbox 915 2031 975 2065; x_wconf 92' lang='lat' dir='ltr'>per</span> <span class='ocrx_word' id='word_1_352' title='bbox 1003 2031 1124 2054; x_wconf 89' lang='lat' dir='ltr'>annum</span> <span class='ocrx_word' id='word_1_353' title='bbox 1155 2025 1184 2054; x_wconf 90' lang='lat' dir='ltr'>et</span> <span class='ocrx_word' id='word_1_354' title='bbox 1215 2020 1301 2054; x_wconf 89' lang='lat' dir='ltr'>diem</span> <span class='ocrx_word' id='word_1_355' title='bbox 1331 2020 1513 2054; x_wconf 92' lang='lat' dir='ltr'>secundum</span> <span class='ocrx_word' id='word_1_356' title='bbox 1543 2020 1817 2054; x_wconf 89' lang='lat' dir='ltr'>consuetudinem</span> <span class='ocrx_word' id='word_1_357' title='bbox 1848 2022 1950 2065; x_wconf 89' lang='lat' dir='ltr'>ipsius</span> <span class='ocrx_word' id='word_1_358' title='bbox 1978 2021 2122 2053; x_wconf 82' lang='lat' dir='ltr'>civitatis</span> <span class='ocrx_word' id='word_1_359' title='bbox 2147 2024 2179 2053; x_wconf 89' lang='lat' dir='ltr'>et</span> 
     </span>
     <span class='ocr_line' id='line_1_32' title="bbox 313 2080 2181 2126; baseline -0.002 -9"><span class='ocrx_word' id='word_1_360' title='bbox 313 2094 378 2117; x_wconf 89' lang='lat' dir='ltr'>non</span> <span class='ocrx_word' id='word_1_361' title='bbox 408 2087 502 2116; x_wconf 81' lang='lat' dir='ltr'>extra</span> <span class='ocrx_word' id='word_1_362' title='bbox 533 2084 702 2115; x_wconf 81' lang='lat' dir='ltr'>civitatem</span> <span class='ocrx_word' id='word_1_363' title='bbox 738 2083 770 2114; x_wconf 88' lang='lat' dir='ltr'>in</span> <span class='ocrx_word' id='word_1_364' title='bbox 799 2080 894 2113; x_wconf 87' lang='lat' dir='ltr'>bonis</span> <span class='ocrx_word' id='word_1_365' title='bbox 924 2081 1059 2114; x_wconf 88' lang='lat' dir='ltr'>alterius</span> <span class='ocrx_word' id='word_1_366' title='bbox 1095 2081 1218 2114; x_wconf 86' lang='lat' dir='ltr'>domini</span> <span class='ocrx_word' id='word_1_367' title='bbox 1258 2083 1484 2126; x_wconf 87' lang='lat' dir='ltr'>cuiuscunque</span> <span class='ocrx_word' id='word_1_368' title='bbox 1522 2085 1553 2114; x_wconf 90' lang='lat' dir='ltr'>et</span> <span class='ocrx_word' id='word_1_369' title='bbox 1583 2080 1703 2114; x_wconf 88' lang='lat' dir='ltr'>faciant</span> <span class='ocrx_word' id='word_1_370' title='bbox 1738 2082 1813 2125; x_wconf 89' lang='lat' dir='ltr'>jura</span> <span class='ocrx_word' id='word_1_371' title='bbox 1852 2082 1996 2113; x_wconf 86' lang='lat' dir='ltr'>civitatis</span> <span class='ocrx_word' id='word_1_372' title='bbox 2033 2080 2181 2114; x_wconf 87' lang='lat' dir='ltr'>adinstar</span> 
     </span>
     <span class='ocr_line' id='line_1_33' title="bbox 313 2140 2180 2190; baseline -0.002 -13"><span class='ocrx_word' id='word_1_373' title='bbox 313 2147 413 2190; x_wconf 87' lang='lat' dir='ltr'>ipsius</span> <span class='ocrx_word' id='word_1_374' title='bbox 445 2145 575 2177; x_wconf 90' lang='lat' dir='ltr'>mortui.</span> <span class='ocrx_word' id='word_1_375' title='bbox 616 2145 667 2176; x_wconf 89' lang='lat' dir='ltr'>eui</span> <span class='ocrx_word' id='word_1_376' title='bbox 697 2141 891 2184; x_wconf 85' lang='lat' dir='ltr'>succedunt.</span> <span class='ocrx_word' id='word_1_377' title='bbox 929 2145 959 2174; x_wconf 89' lang='lat' dir='ltr'>et</span> <span class='ocrx_word' id='word_1_378' title='bbox 998 2143 1024 2175; x_wconf 91' lang='lat' dir='ltr'>si</span> <span class='ocrx_word' id='word_1_379' title='bbox 1054 2146 1125 2186; x_wconf 90' lang='lat' dir='ltr'>post</span> <span class='ocrx_word' id='word_1_380' title='bbox 1155 2152 1276 2175; x_wconf 89' lang='lat' dir='ltr'>annum</span> <span class='ocrx_word' id='word_1_381' title='bbox 1313 2145 1343 2174; x_wconf 91' lang='lat' dir='ltr'>et</span> <span class='ocrx_word' id='word_1_382' title='bbox 1382 2141 1468 2175; x_wconf 92' lang='lat' dir='ltr'>diem</span> <span class='ocrx_word' id='word_1_383' title='bbox 1507 2141 1632 2175; x_wconf 86' lang='lat' dir='ltr'>eisdem</span> <span class='ocrx_word' id='word_1_384' title='bbox 1662 2140 1783 2174; x_wconf 86' lang='lat' dir='ltr'>ibidem</span> <span class='ocrx_word' id='word_1_385' title='bbox 1814 2143 1939 2174; x_wconf 89' lang='lat' dir='ltr'>mansio</span> <span class='ocrx_word' id='word_1_386' title='bbox 1979 2140 2180 2186; x_wconf 67' lang='lat' dir='ltr'>displiceret,</span> 
     </span>
     <span class='ocr_line' id='line_1_34' title="bbox 313 2200 2181 2250; baseline -0.001 -13"><span class='ocrx_word' id='word_1_387' title='bbox 313 2207 436 2250; x_wconf 87' lang='lat' dir='ltr'>possint</span> <span class='ocrx_word' id='word_1_388' title='bbox 477 2202 611 2236; x_wconf 88' lang='lat' dir='ltr'>easdem</span> <span class='ocrx_word' id='word_1_389' title='bbox 651 2204 884 2248; x_wconf 88' lang='lat' dir='ltr'>possessiones</span> <span class='ocrx_word' id='word_1_390' title='bbox 924 2200 1126 2235; x_wconf 82' lang='lat' dir='ltr'>hereditates</span> <span class='ocrx_word' id='word_1_391' title='bbox 1164 2200 1250 2234; x_wconf 88' lang='lat' dir='ltr'>bona</span> <span class='ocrx_word' id='word_1_392' title='bbox 1288 2205 1317 2235; x_wconf 88' lang='lat' dir='ltr'>et</span> <span class='ocrx_word' id='word_1_393' title='bbox 1357 2213 1411 2236; x_wconf 88' lang='lat' dir='ltr'>res</span> <span class='ocrx_word' id='word_1_394' title='bbox 1440 2202 1591 2236; x_wconf 74' lang='lat' dir='ltr'>vendere</span> <span class='ocrx_word' id='word_1_395' title='bbox 1629 2202 1722 2236; x_wconf 90' lang='lat' dir='ltr'>alteri</span> <span class='ocrx_word' id='word_1_396' title='bbox 1760 2204 1833 2235; x_wconf 78' lang='lat' dir='ltr'>viro</span> <span class='ocrx_word' id='word_1_397' title='bbox 1872 2201 2005 2243; x_wconf 69' lang='lat' dir='ltr'>idoneo,</span> <span class='ocrx_word' id='word_1_398' title='bbox 2043 2203 2097 2247; x_wconf 90' lang='lat' dir='ltr'>qui</span> <span class='ocrx_word' id='word_1_399' title='bbox 2131 2205 2181 2235; x_wconf 87' lang='lat' dir='ltr'>est</span> 
     </span>
     <span class='ocr_line' id='line_1_35' title="bbox 314 2261 2180 2308; baseline -0.001 -11"><span class='ocrx_word' id='word_1_400' title='bbox 314 2264 430 2297; x_wconf 89' lang='lat' dir='ltr'>habilis</span> <span class='ocrx_word' id='word_1_401' title='bbox 451 2268 481 2296; x_wconf 83' lang='lat' dir='ltr'>et</span> <span class='ocrx_word' id='word_1_402' title='bbox 503 2263 642 2297; x_wconf 85' lang='lat' dir='ltr'>idoneus</span> <span class='ocrx_word' id='word_1_403' title='bbox 672 2264 750 2308; x_wconf 91' lang='lat' dir='ltr'>ipsis</span> <span class='ocrx_word' id='word_1_404' title='bbox 771 2261 900 2295; x_wconf 76' lang='lat' dir='ltr'>civibus</span> <span class='ocrx_word' id='word_1_405' title='bbox 921 2266 951 2295; x_wconf 92' lang='lat' dir='ltr'>et</span> <span class='ocrx_word' id='word_1_406' title='bbox 981 2264 1119 2295; x_wconf 84' lang='lat' dir='ltr'>civitati.</span> <span class='ocrx_word' id='word_1_407' title='bbox 1149 2264 1269 2306; x_wconf 87' lang='lat' dir='ltr'>quique</span> <span class='ocrx_word' id='word_1_408' title='bbox 1291 2264 1395 2295; x_wconf 81' lang='lat' dir='ltr'>eclam</span> <span class='ocrx_word' id='word_1_409' title='bbox 1426 2262 1545 2296; x_wconf 90' lang='lat' dir='ltr'>ibidem</span> <span class='ocrx_word' id='word_1_410' title='bbox 1575 2263 1741 2296; x_wconf 89' lang='lat' dir='ltr'>demorari</span> <span class='ocrx_word' id='word_1_411' title='bbox 1776 2266 1807 2295; x_wconf 90' lang='lat' dir='ltr'>et</span> <span class='ocrx_word' id='word_1_412' title='bbox 1837 2261 1986 2296; x_wconf 89' lang='lat' dir='ltr'>residere</span> <span class='ocrx_word' id='word_1_413' title='bbox 2017 2261 2180 2295; x_wconf 83' lang='lat' dir='ltr'>tenebitur</span> 
     </span>
     <span class='ocr_line' id='line_1_36' title="bbox 315 2321 2179 2369; baseline -0.002 -11"><span class='ocrx_word' id='word_1_414' title='bbox 315 2330 344 2358; x_wconf 89' lang='lat' dir='ltr'>ut</span> <span class='ocrx_word' id='word_1_415' title='bbox 376 2325 459 2358; x_wconf 85' lang='lat' dir='ltr'>alter</span> <span class='ocrx_word' id='word_1_416' title='bbox 487 2326 570 2357; x_wconf 71' lang='lat' dir='ltr'>civis</span> <span class='ocrx_word' id='word_1_417' title='bbox 595 2325 671 2367; x_wconf 90' lang='lat' dir='ltr'>jura</span> <span class='ocrx_word' id='word_1_418' title='bbox 702 2325 920 2356; x_wconf 85' lang='lat' dir='ltr'>necessitates</span> <span class='ocrx_word' id='word_1_419' title='bbox 950 2326 982 2355; x_wconf 89' lang='lat' dir='ltr'>et</span> <span class='ocrx_word' id='word_1_420' title='bbox 1011 2332 1113 2355; x_wconf 84' lang='lat' dir='ltr'>onera</span> <span class='ocrx_word' id='word_1_421' title='bbox 1143 2321 1252 2355; x_wconf 77' lang='lat' dir='ltr'>civilia</span> <span class='ocrx_word' id='word_1_422' title='bbox 1282 2322 1321 2355; x_wconf 91' lang='lat' dir='ltr'>ad</span> <span class='ocrx_word' id='word_1_423' title='bbox 1353 2322 1496 2356; x_wconf 91' lang='lat' dir='ltr'>debitum</span> <span class='ocrx_word' id='word_1_424' title='bbox 1527 2326 1736 2369; x_wconf 87' lang='lat' dir='ltr'>supportare.</span> <span class='ocrx_word' id='word_1_425' title='bbox 1793 2321 1932 2368; x_wconf 88' lang='lat' dir='ltr'>Insuper</span> <span class='ocrx_word' id='word_1_426' title='bbox 1966 2322 2179 2356; x_wconf 87' lang='lat' dir='ltr'>concedimus</span> 
     </span>
     <span class='ocr_line' id='line_1_37' title="bbox 313 2381 2178 2428; baseline -0.002 -10"><span class='ocrx_word' id='word_1_427' title='bbox 313 2388 485 2418; x_wconf 84' lang='lat' dir='ltr'>statuimus</span> <span class='ocrx_word' id='word_1_428' title='bbox 515 2388 544 2417; x_wconf 88' lang='lat' dir='ltr'>et</span> <span class='ocrx_word' id='word_1_429' title='bbox 575 2383 766 2417; x_wconf 88' lang='lat' dir='ltr'>ordinamus</span> <span class='ocrx_word' id='word_1_430' title='bbox 797 2385 1025 2428; x_wconf 87' lang='lat' dir='ltr'>inperpetuum</span> <span class='ocrx_word' id='word_1_431' title='bbox 1048 2381 1307 2421; x_wconf 59' lang='lat' dir='ltr'>observandum„</span> <span class='ocrx_word' id='word_1_432' title='bbox 1337 2383 1422 2427; x_wconf 87' lang='lat' dir='ltr'>quod</span> <span class='ocrx_word' id='word_1_433' title='bbox 1444 2382 1570 2428; x_wconf 89' lang='lat' dir='ltr'>absque</span> <span class='ocrx_word' id='word_1_434' title='bbox 1598 2382 1834 2428; x_wconf 90' lang='lat' dir='ltr'>impedimento</span> <span class='ocrx_word' id='word_1_435' title='bbox 1864 2393 2062 2428; x_wconf 86' lang='lat' dir='ltr'>quocunque</span> <span class='ocrx_word' id='word_1_436' title='bbox 2083 2382 2178 2416; x_wconf 87' lang='lat' dir='ltr'>liceat</span> 
     </span>
     <span class='ocr_line' id='line_1_38' title="bbox 314 2442 2180 2490; baseline -0.002 -11"><span class='ocrx_word' id='word_1_437' title='bbox 314 2448 489 2490; x_wconf 87' lang='lat' dir='ltr'>unicuique</span> <span class='ocrx_word' id='word_1_438' title='bbox 520 2443 701 2477; x_wconf 87' lang='lat' dir='ltr'>incolarum</span> <span class='ocrx_word' id='word_1_439' title='bbox 734 2446 855 2476; x_wconf 76' lang='lat' dir='ltr'>civium</span> <span class='ocrx_word' id='word_1_440' title='bbox 886 2443 972 2475; x_wconf 90' lang='lat' dir='ltr'>dicte</span> <span class='ocrx_word' id='word_1_441' title='bbox 1002 2444 1145 2476; x_wconf 72' lang='lat' dir='ltr'>civitatis</span> <span class='ocrx_word' id='word_1_442' title='bbox 1182 2446 1297 2476; x_wconf 86' lang='lat' dir='ltr'>nostre</span> <span class='ocrx_word' id='word_1_443' title='bbox 1327 2442 1483 2476; x_wconf 82' lang='lat' dir='ltr'>Ostravie</span> <span class='ocrx_word' id='word_1_444' title='bbox 1522 2446 1551 2476; x_wconf 92' lang='lat' dir='ltr'>in</span> <span class='ocrx_word' id='word_1_445' title='bbox 1582 2445 1648 2477; x_wconf 78' lang='lat' dir='ltr'>vita</span> <span class='ocrx_word' id='word_1_446' title='bbox 1683 2443 1737 2476; x_wconf 72' lang='lat' dir='ltr'>vel</span> <span class='ocrx_word' id='word_1_447' title='bbox 1773 2447 1880 2476; x_wconf 88' lang='lat' dir='ltr'>morte</span> <span class='ocrx_word' id='word_1_448' title='bbox 1916 2445 2028 2477; x_wconf 89' lang='lat' dir='ltr'>testari</span> <span class='ocrx_word' id='word_1_449' title='bbox 2065 2443 2180 2488; x_wconf 82' lang='lat' dir='ltr'>legare</span> 
     </span>
     <span class='ocr_line' id='line_1_39' title="bbox 316 2502 2180 2549; baseline -0.001 -10"><span class='ocrx_word' id='word_1_450' title='bbox 316 2510 616 2549; x_wconf 87' lang='lat' dir='ltr'>testamentumque</span> <span class='ocrx_word' id='word_1_451' title='bbox 646 2503 760 2536; x_wconf 86' lang='lat' dir='ltr'>faeere</span> <span class='ocrx_word' id='word_1_452' title='bbox 790 2502 827 2536; x_wconf 91' lang='lat' dir='ltr'>ad</span> <span class='ocrx_word' id='word_1_453' title='bbox 859 2502 1019 2536; x_wconf 85' lang='lat' dir='ltr'>eeclesias</span> <span class='ocrx_word' id='word_1_454' title='bbox 1050 2506 1103 2535; x_wconf 85' lang='lat' dir='ltr'>aut</span> <span class='ocrx_word' id='word_1_455' title='bbox 1133 2502 1351 2536; x_wconf 86' lang='lat' dir='ltr'>ecclesiarum</span> <span class='ocrx_word' id='word_1_456' title='bbox 1381 2503 1525 2537; x_wconf 83' lang='lat' dir='ltr'>fabricas</span> <span class='ocrx_word' id='word_1_457' title='bbox 1545 2508 1598 2537; x_wconf 89' lang='lat' dir='ltr'>aut</span> <span class='ocrx_word' id='word_1_458' title='bbox 1629 2504 1744 2548; x_wconf 76' lang='lat' dir='ltr'>legare</span> <span class='ocrx_word' id='word_1_459' title='bbox 1764 2506 1917 2549; x_wconf 87' lang='lat' dir='ltr'>personis</span> <span class='ocrx_word' id='word_1_460' title='bbox 1943 2503 2180 2537; x_wconf 82' lang='lat' dir='ltr'>ecclesiasticis</span> 
     </span>
     <span class='ocr_line' id='line_1_40' title="bbox 315 2562 2183 2609; baseline -0.002 -9"><span class='ocrx_word' id='word_1_461' title='bbox 315 2566 461 2600; x_wconf 88' lang='lat' dir='ltr'>eiusdem</span> <span class='ocrx_word' id='word_1_462' title='bbox 484 2568 625 2598; x_wconf 63' lang='lat' dir='ltr'>civitatis</span> <span class='ocrx_word' id='word_1_463' title='bbox 655 2569 684 2598; x_wconf 86' lang='lat' dir='ltr'>et</span> <span class='ocrx_word' id='word_1_464' title='bbox 716 2565 779 2598; x_wconf 87' lang='lat' dir='ltr'>loci</span> <span class='ocrx_word' id='word_1_465' title='bbox 800 2567 895 2609; x_wconf 87' lang='lat' dir='ltr'>prout</span> <span class='ocrx_word' id='word_1_466' title='bbox 917 2562 1050 2596; x_wconf 85' lang='lat' dir='ltr'>cuilibet</span> <span class='ocrx_word' id='word_1_467' title='bbox 1078 2562 1259 2596; x_wconf 86' lang='lat' dir='ltr'>incolarum</span> <span class='ocrx_word' id='word_1_468' title='bbox 1281 2566 1402 2597; x_wconf 84' lang='lat' dir='ltr'>civium</span> <span class='ocrx_word' id='word_1_469' title='bbox 1425 2564 1510 2597; x_wconf 90' lang='lat' dir='ltr'>dicte</span> <span class='ocrx_word' id='word_1_470' title='bbox 1530 2568 1645 2598; x_wconf 88' lang='lat' dir='ltr'>nostre</span> <span class='ocrx_word' id='word_1_471' title='bbox 1666 2567 1809 2598; x_wconf 74' lang='lat' dir='ltr'>civitatis</span> <span class='ocrx_word' id='word_1_472' title='bbox 1830 2564 1987 2598; x_wconf 84' lang='lat' dir='ltr'>Ostravie</span> <span class='ocrx_word' id='word_1_473' title='bbox 2016 2563 2183 2598; x_wconf 88' lang='lat' dir='ltr'>videbitur</span> 
     </span>
     <span class='ocr_line' id='line_1_41' title="bbox 314 2624 2179 2670; baseline -0.002 -10"><span class='ocrx_word' id='word_1_474' title='bbox 314 2627 422 2660; x_wconf 89' lang='lat' dir='ltr'>utilius</span> <span class='ocrx_word' id='word_1_475' title='bbox 453 2626 624 2670; x_wconf 76' lang='lat' dir='ltr'>expedire.</span> <span class='ocrx_word' id='word_1_476' title='bbox 656 2624 813 2657; x_wconf 79' lang='lat' dir='ltr'>Valorem</span> <span class='ocrx_word' id='word_1_477' title='bbox 844 2626 1094 2657; x_wconf 80' lang='lat' dir='ltr'>estiinacionem</span> <span class='ocrx_word' id='word_1_478' title='bbox 1125 2627 1155 2656; x_wconf 81' lang='lat' dir='ltr'>et</span> <span class='ocrx_word' id='word_1_479' title='bbox 1186 2628 1296 2657; x_wconf 81' lang='lat' dir='ltr'>laxam</span> <span class='ocrx_word' id='word_1_480' title='bbox 1319 2624 1480 2658; x_wconf 90' lang='lat' dir='ltr'>bonorum</span> <span class='ocrx_word' id='word_1_481' title='bbox 1510 2627 1761 2670; x_wconf 87' lang='lat' dir='ltr'>possessionum</span> <span class='ocrx_word' id='word_1_482' title='bbox 1791 2635 1829 2658; x_wconf 89' lang='lat' dir='ltr'>ae</span> <span class='ocrx_word' id='word_1_483' title='bbox 1858 2636 1969 2658; x_wconf 88' lang='lat' dir='ltr'>rerum</span> <span class='ocrx_word' id='word_1_484' title='bbox 1991 2624 2179 2658; x_wconf 88' lang='lat' dir='ltr'>relictarum</span> 
     </span>
     <span class='ocr_line' id='line_1_42' title="bbox 315 2684 2178 2733; baseline -0.001 -14"><span class='ocrx_word' id='word_1_485' title='bbox 315 2692 386 2733; x_wconf 88' lang='lat' dir='ltr'>post</span> <span class='ocrx_word' id='word_1_486' title='bbox 418 2686 609 2720; x_wconf 85' lang='lat' dir='ltr'>decedentis</span> <span class='ocrx_word' id='word_1_487' title='bbox 632 2690 770 2718; x_wconf 86' lang='lat' dir='ltr'>mortem</span> <span class='ocrx_word' id='word_1_488' title='bbox 792 2684 945 2718; x_wconf 74' lang='lat' dir='ltr'>videlicet</span> <span class='ocrx_word' id='word_1_489' title='bbox 967 2687 1111 2729; x_wconf 87' lang='lat' dir='ltr'>quintam</span> <span class='ocrx_word' id='word_1_490' title='bbox 1142 2689 1269 2729; x_wconf 87' lang='lat' dir='ltr'>partem</span> <span class='ocrx_word' id='word_1_491' title='bbox 1291 2684 1472 2718; x_wconf 79' lang='lat' dir='ltr'>dumtaxat.</span> <span class='ocrx_word' id='word_1_492' title='bbox 1503 2696 1598 2729; x_wconf 85' lang='lat' dir='ltr'>quam</span> <span class='ocrx_word' id='word_1_493' title='bbox 1621 2687 1725 2718; x_wconf 85' lang='lat' dir='ltr'>eciam</span> <span class='ocrx_word' id='word_1_494' title='bbox 1747 2687 2003 2719; x_wconf 85' lang='lat' dir='ltr'>extimacionem</span> <span class='ocrx_word' id='word_1_495' title='bbox 2027 2684 2178 2719; x_wconf 83' lang='lat' dir='ltr'>valorem</span> 
     </span>
    </p>
   </div>
  </div>
 </body>
</html>
