2336 3074
964 218 1158 274 —502

135 320 395 367 appellacionem
425 320 466 354 ab
496 322 612 356 cadem
642 325 812 356 sentencia
842 322 918 356 dieti
947 322 1076 357 Thome
1113 324 1285 367 auditoris,
1324 329 1356 358 ut
1391 327 1602 371 premittitur,
1631 327 1858 371 interpositam
1897 323 1997 360 tuisse

134 386 165 416 et
195 393 270 416 csse
300 382 467 416 desertam
497 382 686 428 dictumque
715 382 857 417 Crucem
887 386 918 417 in
939 387 1096 429 expensis
1126 396 1238 419 coram
1260 397 1297 419 se
1325 388 1357 419 in
1387 385 1573 420 huiusmodi
1594 397 1694 420 causa
1724 386 1871 431 legitime
1901 386 1995 422 factis

135 442 423 477 condemnandum
452 442 525 476 fore
545 448 575 476 et
597 444 831 478 condemnavit
852 447 997 490 ipsarum
1018 456 1243 491 expensarum
1273 449 1448 480 taxacione
1469 446 1530 480 sibi
1559 449 1590 480 ln
1611 451 1782 492 posterum
1809 452 1997 482 reservata.

135 503 176 537 Et
205 503 447 549 subsequenter
475 503 622 538 Thomas
661 516 772 538 coram
810 516 846 539 se
875 508 905 538 in
943 508 1119 550 sexaginta
1156 510 1188 539 et
1215 506 1386 541 Johannes
1424 507 1592 542 auditores
1630 507 1769 554 predicti
1808 518 1921 541 coram
1962 519 1998 542 se

136 563 240 598 factas
279 575 446 610 expensas
484 563 670 598 huiusmodi
710 568 740 598 in
778 567 910 610 triginta
949 565 1083 599 florenis
1120 569 1190 600 auri
1225 566 1265 600 de
1301 578 1434 600 camera
1472 566 1549 601 boni
1587 572 1618 601 et
1651 569 1731 612 justi
1770 568 1927 614 ponderis
1967 571 1999 602 in

137 627 378 658 contumaciam
408 623 484 658 dicti
514 623 630 658 Crucis
660 625 699 659 de
729 626 882 660 mandato
912 626 1094 659 eorundem
1115 626 1244 660 Thome
1273 631 1303 660 et
1332 626 1494 661 Johannis
1523 628 1708 661 auditorum
1730 628 1770 662 ad
1801 630 1997 662 instanciam

137 684 212 718 dicti
232 684 361 719 Nicolai
390 695 450 731 per
478 685 637 731 quosdam
659 697 814 721 cursores
843 691 976 720 nostros
1005 686 1044 720 ad
1074 686 1258 721 cadendum
1288 691 1395 721 taxari
1415 699 1582 734 expensas
1603 688 1791 723 huiusmodi
1820 689 1859 722 ad
1886 693 1997 723 certos

137 747 295 779 terminos
325 749 568 792 peremptorios
589 750 817 792 competentes
846 749 1038 781 successive
1059 749 1148 781 citati
1164 752 1196 781 et
1216 759 1280 781 non
1310 751 1456 782 curantis
1477 759 1686 794 comparere,
1716 749 1834 783 codem
1856 748 1995 783 Nicolao

138 816 251 840 coram
272 805 400 839 Thoma
422 810 454 839 et
473 805 627 840 Johanne
647 807 850 841 auditoribus
870 807 1007 854 prefatis
1036 809 1067 841 in
1089 807 1182 842 dictis
1202 811 1350 854 terminis
1371 811 1565 843 successive
1588 811 1619 842 in
1640 809 1759 843 iudicio
1781 813 1997 855 comparente

138 870 170 900 et
197 866 336 912 predicti
366 865 482 901 Crucis
512 877 577 901 non
607 870 829 912 comparentis
859 870 1100 902 contumaciam
1131 873 1310 903 accusante
1339 874 1371 904 et
1399 872 1431 903 in
1456 872 1526 904 eius
1555 873 1800 904 contumaciam
1830 881 1997 916 expensas

137 929 225 973 ipsas
254 929 361 961 taxari
390 931 523 973 petente
561 930 754 962 successive
789 928 937 974 providis
980 928 1268 963 moderacionibus
1311 933 1510 963 taxaverunt
1552 930 1690 975 predicti
1726 929 1855 964 Nicolai
1896 941 1998 976 super

137 990 295 1034 expensis
316 990 395 1034 ipsis
419 989 617 1032 juramentis
638 990 772 1032 secutis,
803 993 899 1034 prout
928 991 958 1022 in
989 991 1213 1023 'mstrumentis
1234 988 1371 1035 publicis
1400 989 1476 1023 inde
1496 989 1658 1023 confectis
1679 990 1841 1024 dictorum
1868 989 1996 1024 Thome

139 1053 172 1082 et
199 1047 361 1083 Johannis
390 1048 576 1082 auditorum
609 1076 770 1083 .....
802 1049 920 1082 dicitur
948 1049 1075 1095 plenius
1104 1052 1278 1083 contineri.
1321 1049 1391 1083 Nos
1420 1052 1529 1095 itaque
1560 1077 1721 1084 .....
1752 1051 1997 1097 predecessore

137 1111 221 1143 sicut
250 1108 409 1143 altissimo
438 1109 559 1154 placuit
588 1108 715 1143 sublato
745 1110 785 1143 de
814 1110 935 1151 mediQ
965 1109 1076 1143 divina
1114 1109 1249 1143 favente
1287 1110 1468 1144 clemencia
1506 1110 1626 1145 suimus
1655 1110 1695 1144 ad
1725 1113 1853 1156 apicem
1878 1114 1995 1144 summi

137 1169 341 1216 apostolatus
370 1172 529 1215 assumpti
558 1169 783 1216 predictorum
812 1173 1051 1204 canonicorum
1089 1174 1121 1203 et
1158 1170 1290 1216 capituli
1319 1170 1620 1216 supplicacionibus
1658 1171 1802 1205 inclinati
1832 1198 1994 1205 .....

137 1229 341 1264 auditoribus
370 1230 511 1276 provide
540 1229 626 1264 facta
655 1234 728 1264 sunt
758 1235 829 1264 rata
859 1257 1060 1264 ......
1091 1229 1299 1264 diffinitivam
1336 1233 1541 1264 sentenciam
1578 1234 1776 1265 auctoritate
1814 1231 1996 1278 apostolica

137 1289 373 1325 confirmantes
403 1291 601 1325 discrecioni
631 1295 745 1325 vestre
774 1302 833 1336 per
862 1290 1042 1336 apostolica
1081 1293 1203 1336 scripta
1240 1290 1445 1334 mandamus,
1484 1294 1636 1336 quatinus
1666 1302 1728 1325 vos
1758 1292 1811 1325 vel
1849 1291 1913 1325 duo
1943 1297 1997 1326 aut

137 1362 220 1385 unus
249 1356 399 1385 vestrum
428 1362 488 1398 per
515 1363 578 1386 vos
608 1351 660 1385 vel
691 1352 788 1385 alium
818 1363 877 1385 seu
906 1351 988 1385 alios
1016 1354 1178 1396 premissa
1197 1378 1307 1385 .....
1326 1350 1496 1396 dictasque
1525 1354 1714 1386 sentencias
1736 1351 1789 1385 ubi
1809 1356 1840 1385 ct
1858 1379 1994 1386 ......

137 1414 333 1446 auctoritate
362 1416 474 1446 nostra
504 1412 697 1446 solemniter
726 1411 931 1458 publicantes
961 1412 1088 1446 faciatis
1108 1411 1244 1445 eosdem
1274 1413 1453 1445 canonicos
1483 1416 1515 1445 et
1543 1411 1718 1458 capitulum
1750 1412 1996 1446 consuetudinis

137 1473 285 1519 predicte
313 1472 452 1518 pacifica
480 1476 695 1519 possessione
723 1473 873 1518 gaudere
903 1472 1090 1517 dictumque
1119 1470 1261 1505 Crucem
1291 1471 1329 1505 ad
1366 1471 1551 1505 cavendum
1581 1471 1725 1518 ydonee„
1765 1472 1850 1518 quod
1881 1477 1995 1506 contra

138 1536 318 1568 canonicos
348 1538 380 1568 et
409 1534 585 1580 capitulum
619 1534 787 1580 predictos
825 1533 941 1567 similia
971 1533 1012 1566 de
1049 1536 1163 1566 cetero
1200 1535 1271 1578 ipse
1302 1558 1463 1566 .....
1494 1536 1644 1566 rectores
1674 1532 1760 1566 dicte
1797 1532 1996 1579 parochialis

137 1594 294 1637 ecclesie,
324 1597 378 1640 qui
411 1599 508 1628 erunt
536 1605 596 1640 pro
626 1598 788 1640 tempore„
827 1605 891 1627 non
921 1592 1137 1635 attentabunt,
1174 1595 1370 1626 auctoritate
1406 1592 1553 1638 predicta
1588 1593 1794 1640 compellatis
1830 1605 1892 1628 nec
1930 1604 1995 1627 non

136 1655 177 1689 de
211 1654 368 1701 predictis
403 1653 606 1689 florenorum
642 1656 779 1688 summis
815 1664 874 1700 pro
913 1653 1006 1688 dicits
1045 1655 1202 1700 expensis
1240 1655 1329 1687 iuxta
1367 1653 1591 1699 predictorum
1621 1681 1784 1688 .....
1815 1654 1995 1687 earundem

136 1715 457 1749 condemnacionum
491 1719 522 1748 et
555 1717 767 1749 taxacionum
805 1718 954 1748 tenorem
986 1740 1147 1748 .....
1178 1715 1347 1747 canonicis
1385 1718 1418 1747 et
1452 1714 1595 1760 capitulo
1634 1714 1761 1749 faciatis
1798 1714 1929 1760 plenam
1965 1719 1996 1748 et

137 1774 280 1809 debitam
322 1774 590 1809 satisfaccionem
634 1774 789 1821 impendi„
832 1774 1095 1808 contradictores
1139 1785 1199 1820 per
1245 1785 1421 1808 censuram
1464 1774 1726 1809 ecclesiasticam
1768 1775 1995 1822 appellacione

134 1838 316 1881 postposita
337 1834 594 1881 compescendo.
625 1835 744 1868 Datum
765 1834 872 1868 Rome
893 1834 977 1880 apud
998 1839 1148 1868 sanctum
1170 1834 1300 1868 Petrum
1325 1833 1365 1868 V.
1396 1833 1472 1868 Idus
1491 1833 1639 1869 Januarii
1660 1835 1868 1881 pontificatus
1889 1838 1995 1870 nostri

136 1907 223 1930 311Πο
274 1906 369 1929 rimo.

253 1906 271 1941 p
448 1944 540 1985 (sn-ig.
566 1949 646 1982 Perg.
672 1948 699 1973 li.
725 1947 859 1980 Bteisigel
885 1947 920 1972 lin
946 1947 1017 1972 Olm.
1044 1947 1118 1981 Κεφ.
1144 1947 1276 1974 Ari—nivo.
1305 1947 1356 1972 Dio
1382 1947 1518 1973 Urkunde
1543 1948 1579 1973 ist
1603 1952 1689 1973 unten
1715 1949 1793 1973 stnrk
1817 1948 1993 1983 liesehiidigt.

555 2000 606 2026 Die
630 2001 657 2025 in
683 2000 771 2031 Folge
797 1999 897 2024 dessen
921 1998 1091 2024 unlesbaren
1117 1998 1223 2024 Stellen
1248 1999 1310 2024 sind
1336 1999 1384 2024 mit
1410 1999 1541 2024 Punkten
1565 1999 1754 2030 bezeiclmet.)

1017 2169 1124 2205 586.

371 2284 563 2329 Eroffmmq
592 2284 650 2317 des
680 2282 916 2316 Landrecletes
945 2283 978 2315 in
1010 2281 1140 2315 Brunn.
1171 2281 1269 2315 Naeli
1300 2283 1371 2316 [lem
1404 2282 1459 2315 13.
1491 2282 1625 2316 Jc'z‘uner
1655 2282 1763 2316 1390.

298 2360 412 2413 Anno
433 2379 556 2413 domini
577 2374 1051 2425 millesnnossCCOLXXXXO
1071 2376 1269 2422 colloquium
1291 2377 1499 2411 dominorum
1521 2376 1764 2411 Brunnensium
1790 2377 1993 2411 celebratum

136 2445 187 2474 est
215 2444 288 2486 post
326 2444 464 2475 octavas
502 2439 678 2486 epiphanie
718 2450 777 2485 per
812 2440 1046 2472 serenissimos
1082 2439 1249 2482 principes
1287 2441 1317 2470 et
1356 2437 1507 2471 dominos
1536 2436 1697 2471 Jodocum
1737 2442 1767 2471 et
1797 2437 1992 2484 Procopium

136 2500 348 2534 marchiones
376 2499 530 2534 Moravie
559 2504 591 2533 et
620 2511 680 2545 per
707 2498 836 2533 nobiles
865 2497 1015 2531 dominos
1046 2495 1227 2530 Stiborium
1257 2496 1296 2530 de
1327 2496 1506 2542 Czimburg
1545 2508 1736 2543 supremum
1774 2500 1993 2532 camerarium

137 2560 380 2603 Brunnensem⁷
410 2559 649 2594 Bohunconem
680 2559 719 2593 de
750 2558 963 2592 Trzestnicze
994 2561 1024 2590 et
1050 2556 1237 2590 Johannem
1266 2556 1550 2603 prothonotarium
1581 2557 1703 2591 domini
1734 2557 1935 2592 marchionis
1964 2563 1992 2592 et

137 2621 219 2655 alios
248 2620 399 2655 dominos
428 2619 584 2654 videlicet
612 2619 818 2653 Hinczonem
848 2618 887 2652 de
916 2617 1020 2663 Lypa,
1051 2616 1246 2650 Benessium
1277 2616 1316 2650 de
1348 2616 1541 2660 Crumnaw,
1571 2617 1703 2651 Petrum
1733 2617 1773 2651 de
1795 2617 1992 2663 Sternberg.

137 2680 270 2714 Petrum
299 2680 339 2714 de
369 2679 521 2722 Crawar,
550 2679 757 2714 Laczconem
787 2679 827 2712 de
857 2677 1009 2712 Crawai:
1040 2676 1224 2710 Erhardum
1256 2676 1296 2710 de
1325 2676 1473 2719 Cunstat,
1503 2676 1691 2711 Johannem
1723 2677 1763 2711 de
1791 2677 1993 2724 lllezyrzicz,
