2336 3074
1199 210 1270 244 :11⁴2

301 317 436 348 <alutem
469 321 495 347 et
529 315 743 359 apostolicam
777 314 1061 348 benedieeionem.
1104 314 1164 348 l‘iis
1195 320 1223 348 et
1256 315 1431 350 lmmilibus
1460 317 1643 362 supplicum
1674 320 1760 351 votis
1791 317 1851 350 illis
1881 321 2071 362 presertim.
2107 330 2167 364 per

301 388 362 420 que
392 379 572 408 nannai-uin
612 375 704 407 saluti
740 375 932 408 consulitur.
965 375 1104 408 libenter
1134 376 1332 410 intendimus
1363 377 1481 423 illaque
1513 378 1684 412 favoribus
1714 381 1948 424 prosequimm·
1981 382 2164 425 oportunis.

303 437 427 469 ltudmn
454 436 613 480 siquidem
646 435 750 468 felicis
772 436 1022 469 1·‹=‹·‹›1·‹tnci01ns
1044 436 1197 470 Urbanus
1227 449 1309 483 papa
1332 438 1388 471 Vt.
1419 439 1644 484 predecessor
1674 443 1788 472 noster
1817 451 1858 473 ex
1880 443 1979 473 certis
2001 442 2163 473 raciona—

302 497 416 529 bilibus>
439 499 547 529 mmsis
577 496 615 528 :nl
647 496 674 528 id
706 500 777 529 eins
798 500 941 530 animum
973 497 1183 531 moventilnis
1209 499 1249 531 de
1278 499 1416 532 consilio
1446 502 1550 533 eciam
1593 500 1728 533 fratrum
1764 511 1911 536 suorum.
1953 500 1993 534 de
2027 511 2165 545 quorum

300 569 436 590 numero
469 561 543 589 tune
565 568 709 592 eramus.
741 562 768 590 et
801 558 982 603 apostolice
1005 562 1175 603 potestatis
1205 559 1406 604 plenitudine
1426 563 1548 596 statuit.
1578 565 1607 593 ut
1631 564 1777 594 universi
1804 561 1924 595 Cin-isti
1949 561 2063 595 lideles
2084 572 2166 594 vere

300 621 483 663 penitentes
501 622 529 650 et
553 618 710 651 confessi.
738 622 790 663 qui
818 621 846 651 in
871 630 957 652 anuo
978 631 994 652 a
1019 622 1189 653 nativitate
1214 620 1335 654 domini
1359 624 1460 654 nostri
1485 620 1564 654 Jesu
1586 620 1706 654 Christi
1729 622 1903 655 millesimo
1930 625 2166 655 trecentesimo

299 682 516 715 nonagesimo
548 681 688 712 instante
719 685 793 713 tune
825 679 933 712 futuro
963 685 991 712 et
1024 680 1181 726 deinceps
1212 685 1379 726 perpetuis
1410 681 1614 727 temporibus
1644 682 1684 715 de
1714 685 1846 723 triginta
1878 682 1980 716 tribus
2009 686 2103 716 tumis
2134 685 2164 716 in

298 742 428 781 triginta
465 744 531 773 tres
562 751 666 773 annos
697 739 867 773 beatorum
898 741 1124 786 apostolorum
1156 740 1241 775 Petri
1272 746 1300 775 et
1334 741 1420 776 l‘auli
1452 743 1604 776 basilicas
1635 753 1674 776 ac
1699 743 1958 777 Latet-anensem
1990 748 2018 777 et
2050 748 2166 777 sancte

299 800 401 833 Marte
432 800 566 834 Maioris
597 801 636 834 de
667 800 748 834 urbe
778 802 939 834 ecelesias
968 813 1067 835 eausa
1099 802 1294 836 devocionis
1314 806 1499 840 visitareuh
1530 804 1755 849 plenissimam
1778 807 1924 837 omnium
1946 808 2164 849 peecatorum

297 873 430 894 suorum
465 865 597 895 veniam
628 868 927 907 consequerentur.
968 866 1021 897 ita.
1061 863 1146 908 quod
1177 866 1364 909 quicunque
1393 864 1490 898 vellet
1523 864 1708 898 huiusmodi
1739 865 1981 909 imltilgiz=neiain
2018 867 2167 909 assequi„

297 925 322 955 si
355 922 535 956 Romanus.
579 923 617 955 ad
659 926 765 956 miuus
808 926 940 966 triginta
984 927 1148 958 continuis
1191 924 1243 958 vel
1287 925 1503 970 interpollatis
1541 925 1644 959 semel
1685 925 1800 959 saltem
1841 928 1870 958 in
1910 926 1974 962 die.
2017 928 2042 959 si
2083 936 2166 959 vero

296 987 495 1029 peregrinus
533 989 585 1016 aut
626 984 769 1017 forensis
809 988 981 1019 existeret.
1030 986 1127 1019 modo
1165 986 1260 1019 simili
1309 986 1494 1031 quindecim
1540 985 1656 1019 diebus
1695 986 1733 1019 ad
1772 986 1905 1019 easdem
1947 986 2100 1019 basilicas
2136 990 2168 1019 et.

297 1044 457 1077 ecelesias
479 1045 643 1078 aeeedere
665 1050 846 1079 teneretur.
877 1050 970 1091 prout
995 1049 1023 1079 in
1047 1046 1122 1079 dieti
1144 1047 1396 1092 predecessoris
1417 1047 1520 1080 literis
1537 1047 1612 1080 inde
1633 1047 1795 1080 confectis
1816 1046 1944 1092 plenius
1965 1050 2164 1080 continetur.

297 1104 377 1138 Cmn
413 1110 533 1138 autem.
564 1109 645 1139 sieut
677 1105 823 1139 exhibita
855 1106 949 1140 nobis
978 1118 1084 1152 nuper
1113 1118 1172 1153 pro
1204 1112 1296 1153 parte
1326 1112 1438 1142 vestra
1468 1111 1590 1153 p.·tieio
1619 1107 1821 1142 eontinelmt.
1861 1119 1936 1143 vos
1976 1110 2028 1153 qui
2059 1107 2163 1140 dictas

299 1167 450 1200 basilicas
480 1171 509 1200 et
541 1167 703 1200 ecelesias
733 1178 774 1200 ex
814 1168 993 1211 singularis
1029 1168 1225 1202 devocionis
1267 1169 1403 1203 fervore
1443 1174 1472 1202 et
1511 1180 1571 1214 pro
1607 1168 1712 1201 salute
1750 1171 1934 1202 animarum
1974 1172 2163 1201 vestrarum

297 1227 438 1261 libenter
479 1228 700 1273 personaliter
743 1231 925 1262 visitaretis
968 1239 1028 1274 pro
1071 1228 1257 1263 huiusmodi
1301 1229 1520 1267 indulgent-iis
1563 1233 1592 1261 et
1637 1228 1889 1262 remissionibus
1932 1228 2163 1274 assequendis„

299 1288 498 1322 desiderium
529 1293 677 1322 vestrum
700 1292 730 1322 iu
761 1289 823 1323 bac
853 1294 946 1335 parte
976 1301 1017 1323 ex
1048 1293 1148 1324 certis
1177 1293 1286 1324 causis
1316 1289 1572 1324 racionabilibus
1602 1293 1774 1335 nequeatis
1804 1290 1945 1323 comode
1966 1289 2165 1335 adimplere.

298 1361 356 1395 pro
387 1354 480 1395 parte
509 1355 622 1384 vestra
644 1349 738 1383 nobis
769 1350 823 1383 fuit
856 1350 1022 1384 humiliter
1051 1351 1281 1397 supplicatum,
1312 1355 1345 1384 ut
1372 1362 1473 1396 super
1494 1350 1556 1384 boc
1577 1350 1757 1396 providere
1778 1350 1875 1384 vobis
1896 1350 1937 1384 de
1958 1350 2165 1395 benignitate

297 1411 478 1456 apostoliea
509 1411 734 1454 dignaremur.
775 1411 845 1444 Nos
874 1414 985 1456 igitur.
1020 1415 1072 1456 qui
1102 1417 1296 1445 cunctorum
1328 1411 1448 1445 Christi
1479 1411 1621 1445 fidelium
1652 1411 1791 1445 salutem
1822 1414 1959 1445 intensis
1989 1411 2163 1445 desideriis

298 1471 489 1505 affectamus
531 1475 703 1517 cupientes
741 1475 924 1506 animarum
964 1477 1153 1506 vestrarum
1191 1472 1299 1509 saluti„
1343 1477 1498 1518 quantum
1542 1483 1615 1505 eum
1656 1472 1718 1505 deo
1756 1483 1943 1518 possumus.
1986 1471 2164 1505 salubriter

298 1532 488 1578 providere.
518 1535 641 1566 vestris
672 1532 857 1566 huiusmodi
887 1533 1189 1579 supplicacionibus
1218 1533 1373 1568 inclinati.
1412 1538 1444 1567 ut
1483 1533 1673 1567 confessor.
1714 1544 1810 1578 quein
1847 1532 1984 1578 quilibet
2014 1537 2161 1567 vestrum

297 1593 427 1627 duxerit
458 1593 646 1638 eligendum
678 1593 793 1627 labore
822 1594 988 1639 personali
1019 1606 1057 1628 ac
1087 1598 1257 1641 expensis„
1291 1606 1374 1640 quos
1403 1597 1433 1628 iu
1464 1594 1619 1628 veniendi
1653 1594 1759 1627 standi
1788 1598 1820 1627 et
1848 1592 2009 1627 redeundi
2031 1595 2162 1635 itinere,

297 1657 322 1688 si
353 1654 391 1687 ad
426 1657 529 1700 ipsam
566 1653 694 1697 urbem‚
734 1659 767 1687 ut
804 1657 1014 1700 premittitur.
1053 1656 1276 1701 personaliter
1313 1658 1504 1694 venissetis,
1544 1658 1632 1701 passi
1670 1654 1828 1699 fuissetis2
1866 1657 1896 1688 in
1935 1654 1997 1688 alia
2034 1655 2164 1700 pietatis

298 1726 398 1761 opera
428 1726 488 1761 per
517 1715 657 1749 eundem
689 1715 919 1749 confessorem
950 1721 1152 1750 commutato
1181 1716 1278 1750 vobis
1307 1719 1504 1750 auctoritate
1533 1719 1646 1750 nostra
1687 1715 1877 1750 concedere
1915 1715 2036 1749 valeat.
2076 1713 2163 1759 quod

298 1787 359 1810 vos
400 1787 483 1810 vere
527 1779 712 1821 penitentes
751 1781 783 1810 et
820 1776 966 1810 confessi
1005 1777 1078 1811 loco
1117 1779 1322 1811 visitacionis
1360 1777 1570 1811 basilicarum
1614 1781 1646 1810 et
1682 1776 1900 1810 ecclesiarum
1940 1775 2164 1821 predictarum

297 1837 422 1882 aliquas
451 1837 612 1871 ecelesias
641 1837 769 1871 illarum
798 1840 960 1884 parcium.
997 1838 1037 1872 de
1067 1837 1184 1884 quibus
1214 1839 1301 1872 dicto
1330 1838 1516 1872 confessori
1556 1836 1734 1879 videbitur,
1773 1836 1961 1882 quindecim
2000 1837 2165 1869 continuis

298 1898 352 1931 vel
390 1898 607 1943 interpellatis
641 1897 755 1932 diebus
793 1898 898 1932 semel
935 1898 1052 1932 saltem
1091 1902 1122 1932 in
1161 1899 1213 1933 die
1253 1899 1338 1933 infra
1377 1910 1496 1932 anuum
1534 1897 1721 1931 huiusmodi
1759 1900 1785 1930 si
1823 1896 1964 1930 comode
2003 1898 2164 1942 poteritis,

298 1959 440 2004 alioquin
475 1959 558 1992 infra
598 1958 717 1993 festum
756 1962 1021 1993 resurreccionis
1062 1960 1137 1993 dicti
1183 1960 1305 1993 domini
1351 1962 1453 1994 nostri
1493 1958 1573 1993 Jesu
1616 1958 1737 1992 Christi
1784 1960 1939 2003 proxime
1985 1961 2163 1990 venturum

297 2020 452 2054 visitandi
494 2020 632 2065 perinde
668 2023 893 2065 assequamini
930 2020 1175 2066 indulgenciam
1218 2025 1250 2055 et
1287 2022 1519 2055 remissionem
1555 2018 1755 2061 huiusmodi,
1801 2029 1839 2051 ac
1876 2020 1902 2051 si
1940 2016 2094 2051 basilicas
2133 2021 2165 2049 et

298 2081 459 2114 ecclesias
488 2080 578 2114 urbis
609 2080 773 2126 predictas
803 2082 1025 2126 personaliter
1044 2084 1238 2117 visitaretis.
1260 2081 1438 2115 devocioni
1459 2084 1575 2114 vestre
1596 2085 1713 2113 tenore
1733 2081 1942 2124 presencium
1965 2079 2162 2111 auctoritate

298 2141 479 2187 apostolica
509 2141 730 2186 indulgemus.
768 2141 929 2175 Volumus
964 2146 1086 2185 aut-em,
1126 2142 1213 2187 quod
1243 2153 1294 2185 ea,
1332 2153 1396 2187 que
1425 2140 1563 2175 oblaturi
1598 2140 1743 2173 fuissetis
1774 2138 1918 2172 basilicis
1948 2142 1980 2172 et
2009 2137 2163 2171 ecclesiis

298 2201 388 2235 urbis
416 2202 585 2248 predictis
616 2202 656 2236 ad
685 2201 838 2236 basilicas
869 2206 901 2235 et
929 2202 1091 2236 ecclesias
1119 2205 1208 2249 ipsas
1237 2205 1443 2247 quemtocius
1481 2203 1659 2234 teneamini
1691 2199 1830 2233 fideliter
1859 2198 2039 2232 destinare.
2075 2196 2161 2231 Nulli

299 2274 381 2307 ergo
411 2265 544 2296 omnmo
574 2262 743 2297 hominum
772 2263 869 2296 liceat
899 2262 984 2296 banc
1013 2265 1169 2309 paginam
1198 2267 1313 2297 nostre
1342 2264 1568 2296 concessionis
1608 2265 1638 2294 et
1676 2260 1856 2294 voluntatis
1885 2258 2070 2304 infringere
2108 2257 2163 2291 vel

299 2326 328 2356 ei
366 2334 447 2356 ausu
485 2326 664 2357 temerario
700 2326 879 2357 contraire.
929 2324 965 2357 Si
1004 2326 1076 2369 quis
1111 2328 1220 2357 autem
1258 2322 1323 2357 hoc
1357 2326 1552 2368 attemptare
1594 2322 1847 2367 presumpserit,
1894 2319 2162 2364 indignacionem

298 2386 532 2429 omnipotentis
563 2383 614 2417 dei
645 2388 674 2417 et
705 2383 877 2417 beatorum
909 2383 997 2417 Petri
1026 2389 1058 2418 et
1087 2384 1177 2417 Pauli
1206 2383 1431 2430 apostolorum
1462 2385 1532 2416 eius
1563 2393 1600 2416 se
1629 2383 1762 2415 noverit
1791 2383 2010 2414 incursurum.
2042 2379 2162 2413 Datum

299 2443 406 2477 Rome
435 2444 519 2489 apud
549 2448 700 2477 sanctum
731 2444 863 2478 Petrum
893 2444 950 2478 lv.
981 2447 1078 2478 nonis
1106 2444 1317 2481 Decembris.
1347 2443 1554 2490 pontificatus
1589 2444 1691 2476 nostri
1721 2452 1808 2475 anno
1837 2440 1997 2475 secundo.

611 2522 702 2557 (orig.
729 2523 820 2557 Pei-g„
846 2523 889 2548 die
914 2523 1054 2549 Bleibulle
1079 2523 1252 2557 :ibge1·issen‚
1277 2523 1304 2548 in
1330 2523 1383 2549 den
1410 2522 1502 2548 Akten
1528 2522 1576 2547 des
1601 2521 1731 2546 Klosters
1756 2520 1898 2545 Veleln·ad
1924 2519 1959 2544 im
1985 2518 2163 2544 minu-ischen

715 2575 968 2609 Laiideszircliive.)
