2336 3074
983 207 1055 240 315

81 308 410 343 wolframskirchen
449 321 492 343 ex
520 320 597 349 una„
633 314 665 344 et
693 309 861 355 Rupertus
897 311 1058 357 plebanus
1087 323 1146 345 seu
1185 318 1297 346 rector
1326 313 1526 359 parochialis
1556 314 1699 347 ecclesie
1734 317 1764 348 in
1804 314 1952 348 Biehar—

81 373 209 403 zowicz
246 374 360 404 nostre
399 369 631 404 Olomucensis
667 371 811 405 diocesis
848 376 943 417 parte
980 384 1023 406 ex
1061 373 1164 406 altera
1203 373 1385 407 deliberato
1421 377 1531 408 animo
1569 386 1773 420 proponens.
1813 375 1954 420 qualiter

81 431 200 464 dudum
231 430 382 465 dominus
410 430 582 465 Johannes
611 430 780 471 Prusnicz,
810 436 888 465 tunc
916 435 1104 478 prepositus
1135 436 1164 466 in
1195 434 1535 470 Wolfrainskirchen.
1572 446 1645 468 cuin
1677 435 1763 469 dicto
1801 435 1952 482 Ruperto

79 501 139 524 suo
178 495 210 524 et
250 494 383 525 nomine
421 491 659 525 beneficiorum
702 503 836 526 suorum
881 493 1106 538 predictorum
1144 497 1175 527 in
1218 498 1418 528 consistorio
1456 499 1488 528 et
1530 506 1642 528 coram
1681 495 1815 529 officiali
1858 499 1950 530 curie

78 550 322 597 archiepiscopi
351 555 539 598 pragensis,
569 552 752 598 apostolice
781 553 869 587 sedis
898 554 1010 597 legati.
1032 565 1132 599 super
1152 554 1329 588 medietate
1359 555 1488 588 decime
1517 558 1626 595 tritici,
1655 556 1806 600 siliginis‚
1842 556 1947 591 ordei.

78 622 187 645 avene
216 616 248 645 et
276 615 422 657 pisorum
453 612 622 658 Stopeticz
652 617 683 646 et
712 612 979 647 Raczoczowicz
1009 614 1160 648 villarum
1190 615 1316 648 diucius
1352 618 1494 649 invicem
1532 615 1759 660 litigaverunt,
1790 619 1832 649 ita
1860 617 1947 661 quod

79 671 219 705 finaliter
238 671 334 706 huius
364 672 451 706 modi
482 673 588 706 media
610 673 737 706 decima
767 674 844 707 dicti
864 677 960 718 grani
990 679 1022 707 et.
1050 675 1201 708 villarum
1230 676 1453 721 predictarum
1482 676 1611 721 prefato
1641 676 1774 710 domino
1802 676 1946 710 Johanni

76 735 246 778 preposito
275 736 308 765 et
335 735 546 778 prepositure
574 744 633 767 sue
662 734 921 768 contradictorio
946 735 1072 778 judicio
1102 736 1350 769 sencentialiter
1387 736 1572 770 adiudicata
1602 740 1719 773 extitit.
1750 742 1779 770 et
1819 737 1944 771 eisdem

76 792 190 826 deberi
211 793 391 827 declarata.
422 792 682 827 Considerantes
711 798 820 827 tamen
841 797 1017 840 utrimque.
1046 796 1131 840 quod
1153 796 1340 830 huiusmodi
1370 797 1478 830 media
1498 797 1626 830 decima
1656 798 1765 830 utilior
1785 801 1946 831 existeret

75 852 224 899 plebanis
254 858 286 887 et
314 854 459 887 ecclesie
488 856 520 887 in
549 853 783 888 Bieharowicz
813 859 845 888 et
874 858 978 889 maius
1009 856 1256 889 emolimentum
1286 861 1423 902 propter
1451 859 1654 891 vicinitatem
1693 862 1723 890 et
1755 857 1944 891 facultatem

75 916 162 959 ipsas
191 913 371 958 colligendi
400 914 522 947 exinde
550 919 687 960 possent
716 918 904 961 percipere,
935 927 1030 960 quam
1061 920 1220 962 prepositi
1250 922 1281 951 et
1310 920 1519 963 prepositura
1549 921 1580 951 in
1602 917 1943 954 wolframskirchen.

74 977 128 1019 qui
157 977 261 1019 ipsam
285 974 448 1008 decimam
477 980 614 1020 propter
633 978 767 1009 nimiam
797 975 992 1009 distanciam
1014 979 1084 1010 sine
1115 980 1243 1021 magnis
1274 980 1433 1023 expensis
1462 982 1493 1011 et
1521 977 1689 1011 laboribus
1719 989 1783 1011 non
1804 983 1941 1023 possunt

74 1034 247 1079 colligere,
285 1039 339 1068 aut
376 1038 482 1068 eciam
526 1035 683 1070 vehendo
721 1036 863 1070 comodo
911 1048 1143 1082 compensare„
1190 1038 1338 1083 prefatus
1374 1037 1584 1071 Theodricus
1626 1038 1752 1071 liabens
1796 1039 1942 1084 speciale

73 1105 271 1140 expressum
310 1095 497 1129 mandatum
528 1095 565 1130 et
588 1099 854 1142 procuratorium
885 1096 925 1130 ab
955 1097 1072 1130 eodem
1104 1097 1236 1131 domino
1272 1097 1426 1131 Johanne
1455 1098 1496 1131 de
1526 1097 1654 1131 Ghulen
1689 1101 1871 1144 preposito„
1901 1099 1942 1132 de

72 1166 136 1200 quo
165 1154 261 1189 nohis
281 1158 427 1189 constitit
455 1160 486 1189 et
515 1156 611 1202 plena
632 1156 714 1191 fides
744 1156 829 1190 facta
859 1157 929 1200 fuit,
951 1157 990 1190 ad
1022 1158 1284 1202 transigendum.
1315 1159 1581 1204 componendum
1612 1163 1643 1192 et
1670 1159 1940 1192 concordandum

70 1227 172 1261 super
200 1220 383 1250 memorata
413 1217 521 1250 media
551 1217 678 1250 decima
709 1221 741 1250 et
769 1217 930 1251 fructibus
959 1221 1060 1263 ipsius
1090 1223 1123 1251 et
1151 1219 1190 1252 ad
1220 1218 1432 1263 obligandum
1462 1230 1499 1252 se
1527 1219 1755 1261 condiciones
1785 1224 1879 1264 pacta
1910 1224 1942 1253 et

70 1287 173 1322 penas
194 1276 425 1322 apponendum
447 1276 719 1320 ratificacionem‚
740 1278 1038 1323 gratificacionem,
1060 1279 1339 1324 approbacionem
1362 1283 1394 1312 et
1413 1279 1706 1313 confirmacionem
1729 1284 1759 1313 et
1780 1290 1939 1324 penarum

70 1339 320 1383 apposicionem
341 1337 518 1383 petendum
550 1342 581 1371 et
601 1342 711 1372 omnia
741 1339 803 1372 alia
825 1344 855 1372 et
885 1340 1013 1383 singula
1045 1340 1245 1373 faciendum.
1267 1351 1330 1384 que
1360 1339 1400 1372 ad
1430 1338 1526 1373 huius
1547 1339 1634 1373 modi
1671 1342 1938 1373 transaceionem

69 1402 101 1431 et
136 1397 233 1431 ambo
271 1398 310 1432 ad
340 1401 485 1432 invicem
523 1410 637 1433 coram
666 1399 762 1433 nobis
798 1404 829 1433 et
858 1399 953 1433 nobis
994 1400 1212 1433 mediantibus
1242 1400 1349 1434 taliter
1387 1403 1625 1444 transigerunt„
1665 1404 1937 1445 composuerunt.

68 1458 308 1492 ordinaverunt
345 1463 378 1492 et
406 1459 708 1503 concordaverunt,
739 1463 1019 1495 transaccionem.
1049 1463 1343 1506 composicionem,
1382 1461 1631 1494 ordinacionem
1662 1465 1693 1493 et
1723 1460 1936 1493 concordiam

67 1517 240 1552 fecerunt:
279 1519 366 1564 quod
403 1519 552 1565 prefatus
587 1520 767 1566 Rupertus‚
797 1532 885 1555 nunc
922 1521 1082 1567 plebanus
1121 1525 1151 1555 in
1190 1521 1443 1555 Bieharzowicz
1481 1525 1512 1554 et
1550 1531 1767 1554 successores
1805 1523 1854 1554 sui
1890 1523 1938 1554 sic

66 1578 198 1624 plebani
233 1590 294 1624 pro
323 1584 474 1625 tempore
512 1583 544 1613 in
572 1579 828 1615 Bieharzowicz
858 1593 917 1616 sue
953 1587 982 1615 et
1014 1582 1099 1615 dicte
1129 1582 1272 1615 ecclesie
1302 1593 1361 1614 sue
1390 1584 1524 1614 nomine
1560 1592 1620 1626 pro
1658 1585 1691 1614 et
1728 1581 1802 1614 loco
1840 1580 1936 1614 huius

68 1639 154 1673 modi
193 1640 302 1673 medie
339 1640 469 1675 decime
507 1652 566 1675 seu
602 1641 763 1676 fructibus
800 1645 902 1688 ipsius
933 1643 1061 1676 decime
1101 1642 1207 1676 eidem
1247 1642 1380 1675 domino
1418 1640 1563 1674 Johanni
1601 1641 1642 1674 de
1681 1640 1811 1674 Ghulen
1848 1651 1935 1674 nunc

65 1703 235 1745 preposito
281 1705 312 1734 et
351 1701 603 1736 successoribus
641 1705 709 1736 suis
747 1707 778 1736 et
816 1703 902 1736 dicte
940 1706 1149 1748 prepositure
1186 1705 1218 1735 in
1254 1700 1584 1735 lVolframskirehen
1622 1703 1766 1745 quinque
1804 1711 1934 1734 marcas

63 1771 260 1805 grossorum
298 1764 514 1806 pragensium
544 1762 756 1796 denariorum
794 1766 955 1797 moravici
984 1766 1113 1797 numeri
1151 1767 1182 1796 et
1212 1764 1414 1808 pagamenti,
1445 1762 1526 1795 duas
1555 1772 1629 1794 cum
1666 1761 1772 1794 media
1803 1771 1934 1794 marcas

63 1824 94 1854 in
124 1824 228 1855 sancti
265 1821 440 1856 Michaelis
469 1826 622 1868 proxime
650 1828 805 1867 venture,
836 1829 866 1857 et
896 1824 1046 1858 residuas
1085 1824 1166 1857 duas
1195 1833 1269 1856 cum
1299 1822 1405 1856 inedia
1436 1833 1567 1855 marcas
1596 1824 1628 1854 in
1657 1823 1763 1854 sancti
1793 1820 1932 1865 Georgii

60 1881 250 1915 immediate
288 1886 458 1928 sequentis
496 1883 590 1917 festis
634 1888 667 1917 et
703 1886 752 1917 sic
790 1885 909 1918 deinde
952 1884 1089 1928 singulis
1134 1886 1228 1916 annis
1271 1885 1441 1928 perpetuis
1480 1881 1683 1927 temporibus
1730 1884 1802 1914 sine
1838 1892 1931 1914 mora

61 1953 252 1986 numerare,
282 1946 469 1987 assignare.
500 1944 592 1987 dare7
622 1944 755 1978 tradere
785 1949 816 1978 et
853 1945 1051 1990 persolvere
1081 1948 1266 1977 teneantur.
1297 1947 1329 1976 et
1358 1946 1541 1976 memorata
1576 1942 1683 1975 media
1714 1941 1842 1974 decima
1872 1952 1931 1975 seu

61 2002 187 2036 fructus
217 2006 319 2049 ipsius
340 2008 417 2049 aput
446 2004 607 2050 plebanos
627 2008 659 2038 in
688 2004 943 2039 Bieharzowicz
965 2010 996 2039 et
1025 2008 1128 2050 ipsam
1150 2004 1327 2037 ecclesiam
1357 2003 1507 2036 similiter
1527 2004 1697 2048 perpetuis
1727 2001 1930 2047 temporibus

60 2074 237 2097 remanere
267 2063 409 2098 debebit.
457 2064 492 2098 Si
522 2070 631 2099 autem
661 2066 748 2099 idem
777 2065 947 2111 Rupertus
976 2077 1062 2099 nune
1092 2064 1251 2110 plebanus
1280 2068 1335 2096 aut
1363 2073 1581 2096 successores
1610 2065 1660 2095 sui
1689 2072 1748 2107 pro
1779 2066 1929 2107 tempore

60 2124 190 2170 plebani
211 2124 330 2158 ibidem
352 2128 383 2159 in
413 2125 669 2160 Bieharzowicz
689 2125 836 2172 prefatas
857 2129 1000 2171 quinque
1023 2136 1151 2158 marcas
1172 2134 1367 2168 grossorum
1388 2123 1614 2169 predictorum
1636 2133 1722 2155 nunc
1746 2124 1928 2166 prepositQ

59 2189 114 2218 aut
143 2188 197 2229 qui
217 2196 277 2231 pro
307 2190 458 2232 tempore
486 2190 675 2232 prepositus
696 2186 795 2220 fuerit
823 2190 854 2220 in
874 2185 1215 2220 XVolframskirclien.
1245 2187 1276 2217 in
1307 2195 1406 2229 supra
1436 2183 1530 2217 dictis
1559 2182 1652 2216 festis
1682 2193 1740 2215 seu
1779 2184 1927 2214 terminis

59 2250 114 2279 aut
142 2245 247 2280 altero
277 2247 471 2289 eorundem3
494 2251 649 2292 quantum
680 2250 851 2282 continuit.
882 2258 947 2281 uon
976 2246 1207 2292 persolverent
1238 2247 1309 2278 sine
1329 2255 1422 2277 mora
1452 2243 1660 2287 integraliter
1689 2247 1720 2275 et
1750 2242 1926 2287 complete.

59 2317 103 2340 ex
140 2311 217 2340 tunc
250 2307 370 2340 deinde
407 2308 546 2352 singulis
584 2311 788 2353 septimanis
827 2308 981 2353 quamdiu
1018 2310 1048 2339 in
1078 2317 1170 2339 mora
1200 2310 1274 2339 sunt
1309 2304 1471 2349 soluendi7
1501 2315 1561 2349 pro
1592 2302 1735 2348 qualibet
1772 2302 1926 2346 neglecta

59 2372 91 2400 et
119 2377 185 2400 non
223 2367 328 2401 soluta
359 2379 471 2401 marca
509 2368 626 2402 decem
655 2379 796 2413 grossos
831 2371 964 2401 nomine
994 2378 1078 2412 pene
1117 2370 1148 2399 et
1177 2369 1340 2399 interesse
1376 2367 1565 2410 prepositis,
1595 2366 1649 2408 qui
1678 2373 1738 2408 pro
1775 2366 1926 2407 tempore

58 2427 179 2460 fuerint
208 2430 241 2461 in
260 2427 601 2472 Wolframskirchen‚
623 2429 758 2462 solvere
788 2433 963 2461 teneantur
983 2432 1013 2461 et
1044 2426 1222 2460 debebunt.
1245 2425 1280 2459 Si
1309 2436 1405 2467 vero,
1435 2424 1522 2469 quod
1543 2424 1638 2465 absit‚
1660 2423 1767 2456 adbuc
1787 2423 1925 2456 ulterius

56 2499 161 2533 usque
190 2491 222 2521 in
261 2499 404 2522 messem
435 2493 466 2522 et
503 2489 541 2522 ad
573 2493 713 2534 tempus
753 2499 816 2534 quo
847 2487 1033 2521 huiusmodi
1070 2487 1198 2519 decima
1227 2497 1286 2519 seu
1325 2485 1450 2518 fructus
1480 2485 1608 2518 decime
1637 2483 1760 2527 colligi,
1798 2483 1866 2517 tolli
1895 2487 1926 2516 et

57 2551 161 2593 recipi
199 2548 284 2582 soliti
314 2553 387 2582 sunt
426 2553 458 2582 et
490 2553 751 2585 consueverunt*
780 2549 929 2594 prefatus
958 2548 1125 2592 Rupertus
1155 2551 1208 2579 aut
1238 2549 1308 2579 eius
1337 2556 1566 2579 successores.
1597 2547 1649 2589 qui
1679 2555 1738 2589 pro
1775 2549 1926 2588 tempore

56 2607 190 2651 fuerint,
212 2609 316 2642 dictas
345 2611 488 2654 quinque
509 2620 640 2643 marcas
670 2613 700 2642 et
731 2609 873 2642 debitam
901 2611 1074 2653 pecuniam
1105 2618 1177 2640 cum
1208 2609 1301 2652 penis
1331 2611 1362 2639 et
1391 2608 1554 2639 interesse
1583 2615 1648 2638 non
1677 2604 1922 2649 persolverent.

56 2673 110 2702 aut
138 2671 170 2702 in
198 2669 361 2703 solvendo
382 2674 495 2703 essent
523 2670 746 2714 negligentes,
777 2674 918 2702 extunc
948 2668 1023 2701 dicti
1053 2678 1118 2701 non
1139 2667 1310 2700 solventes
1339 2671 1368 2699 et
1391 2665 1602 2709 negligentes
1632 2669 1732 2697 totam
1761 2664 1922 2697 decimam

1716 2731 1764 2755 40³
