<?xml version="1.0" encoding="UTF-8"?>
<!DOCTYPE html PUBLIC "-//W3C//DTD XHTML 1.0 Transitional//EN"
    "http://www.w3.org/TR/xhtml1/DTD/xhtml1-transitional.dtd">
<html xmlns="http://www.w3.org/1999/xhtml" xml:lang="en" lang="en">
 <head>
  <title>
</title>
<meta http-equiv="Content-Type" content="text/html;charset=utf-8" />
  <meta name='ocr-system' content='tesseract 3.04.00' />
  <meta name='ocr-capabilities' content='ocr_page ocr_carea ocr_par ocr_line ocrx_word'/>
</head>
<body>
  <div class='ocr_page' id='page_1' title='image "./codexdiplomaticu11morauoft_0446.png"; bbox 0 0 2336 3074; ppageno 0'>
   <div class='ocr_carea' id='block_1_1' title="bbox 1271 194 1343 227">
    <p class='ocr_par' dir='ltr' id='par_1_1' title="bbox 1271 194 1343 227">
     <span class='ocr_line' id='line_1_1' title="bbox 1271 194 1343 227; baseline 0 0"><span class='ocrx_word' id='word_1_1' title='bbox 1271 194 1343 227; x_wconf 35' lang='lat'>⁴122</span> 
     </span>
    </p>
   </div>
   <div class='ocr_carea' id='block_1_2' title="bbox 1256 315 1360 351">
    <p class='ocr_par' dir='ltr' id='par_1_2' title="bbox 1256 315 1360 351">
     <span class='ocr_line' id='line_1_2' title="bbox 1256 315 1360 351; baseline 0.01 -1"><span class='ocrx_word' id='word_1_2' title='bbox 1256 316 1279 350; x_wconf 65' lang='grc'>1</span> <span class='ocrx_word' id='word_1_3' title='bbox 1290 315 1360 351; x_wconf 72' lang='grc'>79.</span> 
     </span>
    </p>
   </div>
   <div class='ocr_carea' id='block_1_3' title="bbox 375 408 2237 626">
    <p class='ocr_par' dir='ltr' id='par_1_3' title="bbox 376 408 2236 455">
     <span class='ocr_line' id='line_1_3' title="bbox 376 408 2236 455; baseline 0.003 -16"><span class='ocrx_word' id='word_1_4' title='bbox 376 410 550 452; x_wconf 64' lang='lat' dir='ltr'>SigsummI.</span> <span class='ocrx_word' id='word_1_5' title='bbox 585 409 696 451; x_wconf 70' lang='lat' dir='ltr'>lwuiy</span> <span class='ocrx_word' id='word_1_6' title='bbox 728 421 788 441; x_wconf 79' lang='lat' dir='ltr'>rou</span> <span class='ocrx_word' id='word_1_7' title='bbox 824 408 977 452; x_wconf 62' lang='grc' dir='ltr'>[ηραν-η.</span> <span class='ocrx_word' id='word_1_8' title='bbox 1008 409 1144 443; x_wconf 73' lang='lat' dir='ltr'>erlltc’ilt</span> <span class='ocrx_word' id='word_1_9' title='bbox 1173 411 1236 443; x_wconf 72' lang='lat' dir='ltr'>deu</span> <span class='ocrx_word' id='word_1_10' title='bbox 1269 410 1494 455; x_wconf 61' lang='lat' dir='ltr'>illarlsgsrafen</span> <span class='ocrx_word' id='word_1_11' title='bbox 1518 410 1630 444; x_wconf 73' lang='lat' dir='ltr'>Jmiok</span> <span class='ocrx_word' id='word_1_12' title='bbox 1661 411 1727 444; x_wconf 81' lang='lat' dir='ltr'>um!</span> <span class='ocrx_word' id='word_1_13' title='bbox 1748 410 1882 455; x_wconf 79' lang='lat' dir='ltr'>l&#39;rolcop</span> <span class='ocrx_word' id='word_1_14' title='bbox 1913 412 1968 445; x_wconf 70' lang='lat' dir='ltr'>die</span> <span class='ocrx_word' id='word_1_15' title='bbox 1989 411 2236 455; x_wconf 60' lang='lat' dir='ltr'>lusit-hermia,</span> 
     </span>
    </p>

    <p class='ocr_par' dir='ltr' id='par_1_4' title="bbox 375 469 2237 513">
     <span class='ocr_line' id='line_1_4' title="bbox 375 469 2237 513; baseline 0.003 -14"><span class='ocrx_word' id='word_1_16' title='bbox 375 472 454 502; x_wconf 59' lang='lat' dir='ltr'>&#39;laiss</span> <span class='ocrx_word' id='word_1_17' title='bbox 474 471 525 502; x_wconf 69' lang='lat' dir='ltr'>sie</span> <span class='ocrx_word' id='word_1_18' title='bbox 545 470 599 502; x_wconf 68' lang='lat' dir='ltr'>die</span> <span class='ocrx_word' id='word_1_19' title='bbox 617 469 717 502; x_wconf 68' lang='lat' dir='ltr'>„mn-l.-</span> <span class='ocrx_word' id='word_1_20' title='bbox 737 469 988 513; x_wconf 68' lang='lat' dir='ltr'>I›’randeulmrgl</span> <span class='ocrx_word' id='word_1_21' title='bbox 1010 471 1077 503; x_wconf 78' lang='lat' dir='ltr'>um!</span> <span class='ocrx_word' id='word_1_22' title='bbox 1097 471 1151 504; x_wconf 74' lang='lat' dir='ltr'>die</span> <span class='ocrx_word' id='word_1_23' title='bbox 1172 472 1229 504; x_wconf 82' lang='lat' dir='ltr'>mi!</span> <span class='ocrx_word' id='word_1_24' title='bbox 1250 471 1428 504; x_wconf 70' lang='lat' dir='ltr'>der-selben</span> <span class='ocrx_word' id='word_1_25' title='bbox 1452 470 1669 504; x_wconf 72' lang='lat' dir='ltr'>rerbundeue</span> <span class='ocrx_word' id='word_1_26' title='bbox 1691 471 1885 505; x_wconf 66' lang='lat' dir='ltr'>Isura-arde</span> <span class='ocrx_word' id='word_1_27' title='bbox 1905 472 1958 505; x_wconf 77' lang='lat' dir='ltr'>als</span> <span class='ocrx_word' id='word_1_28' title='bbox 1979 472 2237 506; x_wconf 72' lang='lat' dir='ltr'>nnnii&#39;tlelbares</span> 
     </span>
    </p>

    <p class='ocr_par' dir='ltr' id='par_1_5' title="bbox 378 529 2237 626">
     <span class='ocr_line' id='line_1_5' title="bbox 378 529 2237 577; baseline 0.003 -16"><span class='ocrx_word' id='word_1_29' title='bbox 378 529 600 562; x_wconf 67' lang='lat' dir='ltr'>li&#39;m&#39;rlaesli&#39;lnw</span> <span class='ocrx_word' id='word_1_30' title='bbox 640 529 767 562; x_wconf 70' lang='lat' dir='ltr'>erblivle</span> <span class='ocrx_word' id='word_1_31' title='bbox 798 530 967 567; x_wconf 73' lang='lat' dir='ltr'>erhalten,</span> <span class='ocrx_word' id='word_1_32' title='bbox 1003 531 1087 575; x_wconf 74' lang='lat' dir='ltr'>falls</span> <span class='ocrx_word' id='word_1_33' title='bbox 1123 544 1161 564; x_wconf 78' lang='lat' dir='ltr'>er</span> <span class='ocrx_word' id='word_1_34' title='bbox 1197 531 1347 565; x_wconf 74' lang='lat' dir='ltr'>‹liesellw</span> <span class='ocrx_word' id='word_1_35' title='bbox 1384 531 1563 565; x_wconf 75' lang='lat' dir='ltr'>itmerlealb</span> <span class='ocrx_word' id='word_1_36' title='bbox 1599 532 1660 565; x_wconf 83' lang='lat' dir='ltr'>der</span> <span class='ocrx_word' id='word_1_37' title='bbox 1695 532 1860 565; x_wconf 68' lang='lat' dir='ltr'>&#39;caelestem</span> <span class='ocrx_word' id='word_1_38' title='bbox 1895 534 1979 577; x_wconf 75' lang='lat' dir='ltr'>filus</span> <span class='ocrx_word' id='word_1_39' title='bbox 2007 533 2118 566; x_wconf 71' lang='lat' dir='ltr'>-laltre</span> <span class='ocrx_word' id='word_1_40' title='bbox 2146 533 2237 567; x_wconf 68' lang='lat' dir='ltr'>nit-let</span> 
     </span>
     <span class='ocr_line' id='line_1_6' title="bbox 925 591 1686 626; baseline 0.001 -2"><span class='ocrx_word' id='word_1_41' title='bbox 925 592 1058 625; x_wconf 77' lang='lat' dir='ltr'>ei&#39;nlosl.</span> <span class='ocrx_word' id='word_1_42' title='bbox 1095 592 1149 625; x_wconf 74' lang='lat' dir='ltr'>DI.</span> <span class='ocrx_word' id='word_1_43' title='bbox 1182 592 1350 626; x_wconf 77' lang='lat' dir='ltr'>Sebinlan</span> <span class='ocrx_word' id='word_1_44' title='bbox 1381 593 1439 626; x_wconf 74' lang='grc'>22.</span> <span class='ocrx_word' id='word_1_45' title='bbox 1474 592 1548 625; x_wconf 79' lang='lat' dir='ltr'>Mai</span> <span class='ocrx_word' id='word_1_46' title='bbox 1580 591 1686 625; x_wconf 76' lang='grc'><em>1388.</em></span> 
     </span>
    </p>
   </div>
   <div class='ocr_carea' id='block_1_4' title="bbox 366 651 2238 2605">
    <p class='ocr_par' dir='ltr' id='par_1_6' title="bbox 366 651 2238 2536">
     <span class='ocr_line' id='line_1_7' title="bbox 531 651 2238 717; baseline 0.003 -16"><span class='ocrx_word' id='word_1_47' title='bbox 531 651 788 711; x_wconf 56' lang='lat' dir='ltr'>Sigisnmndus</span> <span class='ocrx_word' id='word_1_48' title='bbox 809 670 860 703; x_wconf 84' lang='lat' dir='ltr'>dei</span> <span class='ocrx_word' id='word_1_49' title='bbox 876 673 990 715; x_wconf 71' lang='lat' dir='ltr'>gracia</span> <span class='ocrx_word' id='word_1_50' title='bbox 1010 671 1191 713; x_wconf 64' lang='lat' dir='ltr'>llungarie.</span> <span class='ocrx_word' id='word_1_51' title='bbox 1210 671 1392 709; x_wconf 77' lang='lat' dir='ltr'>Dalmacie.</span> <span class='ocrx_word' id='word_1_52' title='bbox 1411 672 1565 706; x_wconf 78' lang='lat' dir='ltr'>Croacie.</span> <span class='ocrx_word' id='word_1_53' title='bbox 1582 671 1699 713; x_wconf 45' lang='lat' dir='ltr'>Rameq</span> <span class='ocrx_word' id='word_1_54' title='bbox 1717 672 1849 709; x_wconf 65' lang='lat' dir='ltr'>Sei-vie.</span> <span class='ocrx_word' id='word_1_55' title='bbox 1867 672 2005 709; x_wconf 68' lang='lat' dir='ltr'>Galicie.</span> <span class='ocrx_word' id='word_1_56' title='bbox 2027 671 2238 717; x_wconf 61' lang='lat' dir='ltr'>Lodomerie,</span> 
     </span>
     <span class='ocr_line' id='line_1_8' title="bbox 373 729 2238 778; baseline 0.002 -16"><span class='ocrx_word' id='word_1_57' title='bbox 373 731 543 764; x_wconf 71' lang='lat' dir='ltr'>t‘omanie.</span> <span class='ocrx_word' id='word_1_58' title='bbox 574 729 798 775; x_wconf 64' lang='lat' dir='ltr'>lhilgarieque</span> <span class='ocrx_word' id='word_1_59' title='bbox 828 742 887 764; x_wconf 81' lang='lat' dir='ltr'>rex</span> <span class='ocrx_word' id='word_1_60' title='bbox 909 743 948 764; x_wconf 83' lang='lat' dir='ltr'>ae</span> <span class='ocrx_word' id='word_1_61' title='bbox 969 731 1498 775; x_wconf 59' lang='lat' dir='ltr'>marchio&#39;Brandemburgensis.</span> <span class='ocrx_word' id='word_1_62' title='bbox 1529 735 1615 766; x_wconf 83' lang='lat' dir='ltr'>sacri</span> <span class='ocrx_word' id='word_1_63' title='bbox 1641 736 1768 766; x_wconf 91' lang='lat' dir='ltr'>romani</span> <span class='ocrx_word' id='word_1_64' title='bbox 1789 735 1916 778; x_wconf 84' lang='lat' dir='ltr'>imperii</span> <span class='ocrx_word' id='word_1_65' title='bbox 1938 732 2238 767; x_wconf 73' lang='lat' dir='ltr'>archicainerarius</span> 
     </span>
     <span class='ocr_line' id='line_1_9' title="bbox 373 790 2234 839; baseline 0.002 -16"><span class='ocrx_word' id='word_1_66' title='bbox 373 801 500 823; x_wconf 77' lang='lat' dir='ltr'>necnon</span> <span class='ocrx_word' id='word_1_67' title='bbox 534 790 669 824; x_wconf 78' lang='lat' dir='ltr'>Boemie</span> <span class='ocrx_word' id='word_1_68' title='bbox 699 802 736 824; x_wconf 76' lang='lat' dir='ltr'>ae</span> <span class='ocrx_word' id='word_1_69' title='bbox 767 791 1091 830; x_wconf 61' lang='lat' dir='ltr'>Lurzemburffensis</span> <span class='ocrx_word' id='word_1_70' title='bbox 1122 793 1232 830; x_wconf 71' lang='lat' dir='ltr'>heres,</span> <span class='ocrx_word' id='word_1_71' title='bbox 1263 798 1380 827; x_wconf 79' lang='lat' dir='ltr'>tenore</span> <span class='ocrx_word' id='word_1_72' title='bbox 1409 796 1618 839; x_wconf 83' lang='lat' dir='ltr'>presencium</span> <span class='ocrx_word' id='word_1_73' title='bbox 1650 793 1905 827; x_wconf 85' lang='lat' dir='ltr'>notuml&#39;a‹·imus</span> <span class='ocrx_word' id='word_1_74' title='bbox 1935 795 2112 828; x_wconf 77' lang='lat' dir='ltr'>universis.</span> <span class='ocrx_word' id='word_1_75' title='bbox 2154 792 2234 827; x_wconf 89' lang='lat' dir='ltr'>Cum</span> 
     </span>
     <span class='ocr_line' id='line_1_10' title="bbox 373 851 2237 899; baseline 0.003 -16"><span class='ocrx_word' id='word_1_76' title='bbox 373 863 430 883; x_wconf 69' lang='lat' dir='ltr'>nos</span> <span class='ocrx_word' id='word_1_77' title='bbox 479 851 658 884; x_wconf 81' lang='lat' dir='ltr'>marehimn</span> <span class='ocrx_word' id='word_1_78' title='bbox 708 857 852 885; x_wconf 73' lang='lat' dir='ltr'>nostram</span> <span class='ocrx_word' id='word_1_79' title='bbox 892 851 1265 894; x_wconf 60' lang='lat' dir='ltr'>Brandemburgensem</span> <span class='ocrx_word' id='word_1_80' title='bbox 1315 865 1374 899; x_wconf 89' lang='lat' dir='ltr'>pro</span> <span class='ocrx_word' id='word_1_81' title='bbox 1413 854 1651 899; x_wconf 81' lang='lat' dir='ltr'>redempcione</span> <span class='ocrx_word' id='word_1_82' title='bbox 1690 859 1718 887; x_wconf 85' lang='lat' dir='ltr'>et</span> <span class='ocrx_word' id='word_1_83' title='bbox 1759 856 2022 899; x_wconf 83' lang='lat' dir='ltr'>recuperacione</span> <span class='ocrx_word' id='word_1_84' title='bbox 2061 858 2237 897; x_wconf 61' lang='lat' dir='ltr'>terrarum,</span> 
     </span>
     <span class='ocr_line' id='line_1_11' title="bbox 372 912 2237 960; baseline 0.003 -16"><span class='ocrx_word' id='word_1_85' title='bbox 372 923 452 956; x_wconf 79' lang='lat' dir='ltr'>quas</span> <span class='ocrx_word' id='word_1_86' title='bbox 495 912 637 945; x_wconf 77' lang='lat' dir='ltr'>illustres</span> <span class='ocrx_word' id='word_1_87' title='bbox 685 916 852 958; x_wconf 80' lang='lat' dir='ltr'>principes</span> <span class='ocrx_word' id='word_1_88' title='bbox 895 913 1017 947; x_wconf 86' lang='lat' dir='ltr'>domini</span> <span class='ocrx_word' id='word_1_89' title='bbox 1055 913 1203 948; x_wconf 88' lang='lat' dir='ltr'>Jodocus</span> <span class='ocrx_word' id='word_1_90' title='bbox 1242 918 1273 948; x_wconf 86' lang='lat' dir='ltr'>ct</span> <span class='ocrx_word' id='word_1_91' title='bbox 1311 914 1492 960; x_wconf 78' lang='lat' dir='ltr'>Procopius</span> <span class='ocrx_word' id='word_1_92' title='bbox 1531 914 1742 948; x_wconf 67' lang='lat' dir='ltr'>marchiones</span> <span class='ocrx_word' id='word_1_93' title='bbox 1779 914 1944 951; x_wconf 69' lang='lat' dir='ltr'>Moravie.</span> <span class='ocrx_word' id='word_1_94' title='bbox 1991 918 2096 960; x_wconf 92' lang='lat' dir='ltr'>patrui</span> <span class='ocrx_word' id='word_1_95' title='bbox 2135 919 2237 950; x_wconf 77' lang='lat' dir='ltr'>nostri</span> 
     </span>
     <span class='ocr_line' id='line_1_12' title="bbox 371 974 2236 1020; baseline 0.003 -16"><span class='ocrx_word' id='word_1_96' title='bbox 371 975 545 1007; x_wconf 71' lang='lat' dir='ltr'>rarissimi.</span> <span class='ocrx_word' id='word_1_97' title='bbox 595 976 623 1006; x_wconf 93' lang='lat' dir='ltr'>iu</span> <span class='ocrx_word' id='word_1_98' title='bbox 663 985 769 1017; x_wconf 61' lang='lat' dir='ltr'>reguo</span> <span class='ocrx_word' id='word_1_99' title='bbox 812 978 926 1007; x_wconf 81' lang='lat' dir='ltr'>nostro</span> <span class='ocrx_word' id='word_1_100' title='bbox 970 974 1141 1017; x_wconf 57' lang='lat' dir='ltr'>llung‘arie</span> <span class='ocrx_word' id='word_1_101' title='bbox 1184 978 1305 1009; x_wconf 63' lang='lat' dir='ltr'>xirtute</span> <span class='ocrx_word' id='word_1_102' title='bbox 1349 975 1531 1009; x_wconf 87' lang='lat' dir='ltr'>litterarum</span> <span class='ocrx_word' id='word_1_103' title='bbox 1575 980 1762 1009; x_wconf 87' lang='lat' dir='ltr'>nostrarum</span> <span class='ocrx_word' id='word_1_104' title='bbox 1805 974 2077 1020; x_wconf 73' lang='lat' dir='ltr'>obligatoriarum</span> <span class='ocrx_word' id='word_1_105' title='bbox 2120 981 2236 1010; x_wconf 86' lang='lat' dir='ltr'>tencre</span> 
     </span>
     <span class='ocr_line' id='line_1_13' title="bbox 372 1032 2234 1081; baseline 0.003 -16"><span class='ocrx_word' id='word_1_106' title='bbox 372 1032 642 1069; x_wconf 81' lang='lat' dir='ltr'>‹iinoseebantur.</span> <span class='ocrx_word' id='word_1_107' title='bbox 682 1037 815 1068; x_wconf 88' lang='lat' dir='ltr'>nomine</span> <span class='ocrx_word' id='word_1_108' title='bbox 852 1039 883 1068; x_wconf 87' lang='lat' dir='ltr'>et</span> <span class='ocrx_word' id='word_1_109' title='bbox 922 1035 1012 1068; x_wconf 91' lang='lat' dir='ltr'>titulo</span> <span class='ocrx_word' id='word_1_110' title='bbox 1051 1035 1198 1069; x_wconf 77' lang='lat' dir='ltr'>formalis</span> <span class='ocrx_word' id='word_1_111' title='bbox 1237 1040 1266 1069; x_wconf 88' lang='lat' dir='ltr'>et</span> <span class='ocrx_word' id='word_1_112' title='bbox 1298 1039 1369 1069; x_wconf 79' lang='lat' dir='ltr'>veri</span> <span class='ocrx_word' id='word_1_113' title='bbox 1399 1039 1549 1081; x_wconf 74' lang='lat' dir='ltr'>pignoris</span> <span class='ocrx_word' id='word_1_114' title='bbox 1578 1035 1801 1079; x_wconf 63' lang='lat' dir='ltr'>obligavimus</span> <span class='ocrx_word' id='word_1_115' title='bbox 1831 1036 1869 1069; x_wconf 92' lang='lat' dir='ltr'>ad</span> <span class='ocrx_word' id='word_1_116' title='bbox 1900 1039 2044 1081; x_wconf 82' lang='lat' dir='ltr'>quinque</span> <span class='ocrx_word' id='word_1_117' title='bbox 2074 1047 2234 1070; x_wconf 92' lang='lat' dir='ltr'>annorum</span> 
     </span>
     <span class='ocr_line' id='line_1_14' title="bbox 371 1096 2235 1142; baseline 0.002 -16"><span class='ocrx_word' id='word_1_118' title='bbox 371 1097 518 1139; x_wconf 72' lang='lat' dir='ltr'>spacium</span> <span class='ocrx_word' id='word_1_119' title='bbox 549 1097 705 1128; x_wconf 83' lang='lat' dir='ltr'>continue</span> <span class='ocrx_word' id='word_1_120' title='bbox 735 1096 990 1130; x_wconf 64' lang='lat' dir='ltr'>rex-otvmulum.</span> <span class='ocrx_word' id='word_1_121' title='bbox 1031 1096 1092 1130; x_wconf 85' lang='lat' dir='ltr'>hac</span> <span class='ocrx_word' id='word_1_122' title='bbox 1130 1101 1239 1130; x_wconf 88' lang='lat' dir='ltr'>tamen</span> <span class='ocrx_word' id='word_1_123' title='bbox 1278 1097 1474 1130; x_wconf 87' lang='lat' dir='ltr'>condicione</span> <span class='ocrx_word' id='word_1_124' title='bbox 1504 1097 1645 1140; x_wconf 70' lang='lat' dir='ltr'>adiecta,</span> <span class='ocrx_word' id='word_1_125' title='bbox 1680 1096 1767 1142; x_wconf 85' lang='lat' dir='ltr'>quod</span> <span class='ocrx_word' id='word_1_126' title='bbox 1797 1099 1827 1129; x_wconf 92' lang='lat' dir='ltr'>in</span> <span class='ocrx_word' id='word_1_127' title='bbox 1858 1107 1984 1139; x_wconf 68' lang='lat' dir='ltr'>casum,</span> <span class='ocrx_word' id='word_1_128' title='bbox 2023 1108 2087 1142; x_wconf 89' lang='lat' dir='ltr'>quo</span> <span class='ocrx_word' id='word_1_129' title='bbox 2117 1097 2235 1131; x_wconf 90' lang='lat' dir='ltr'>dictam</span> 
     </span>
     <span class='ocr_line' id='line_1_15' title="bbox 373 1154 2234 1204; baseline 0.002 -17"><span class='ocrx_word' id='word_1_130' title='bbox 373 1154 552 1188; x_wconf 78' lang='lat' dir='ltr'>marchiam</span> <span class='ocrx_word' id='word_1_131' title='bbox 593 1166 652 1200; x_wconf 82' lang='lat' dir='ltr'>per</span> <span class='ocrx_word' id='word_1_132' title='bbox 690 1167 750 1189; x_wconf 78' lang='lat' dir='ltr'>nos</span> <span class='ocrx_word' id='word_1_133' title='bbox 786 1156 901 1189; x_wconf 83' lang='lat' dir='ltr'>redimi</span> <span class='ocrx_word' id='word_1_134' title='bbox 940 1168 1005 1190; x_wconf 92' lang='lat' dir='ltr'>non</span> <span class='ocrx_word' id='word_1_135' title='bbox 1045 1160 1252 1201; x_wconf 75' lang='lat' dir='ltr'>contingeret</span> <span class='ocrx_word' id='word_1_136' title='bbox 1295 1158 1348 1191; x_wconf 81' lang='lat' dir='ltr'>vel</span> <span class='ocrx_word' id='word_1_137' title='bbox 1386 1157 1426 1191; x_wconf 87' lang='lat' dir='ltr'>de</span> <span class='ocrx_word' id='word_1_138' title='bbox 1464 1169 1580 1191; x_wconf 87' lang='lat' dir='ltr'>eorum</span> <span class='ocrx_word' id='word_1_139' title='bbox 1617 1157 1767 1191; x_wconf 86' lang='lat' dir='ltr'>manibus</span> <span class='ocrx_word' id='word_1_140' title='bbox 1806 1158 1890 1191; x_wconf 76' lang='lat' dir='ltr'>infra</span> <span class='ocrx_word' id='word_1_141' title='bbox 1929 1157 2049 1191; x_wconf 85' lang='lat' dir='ltr'>dicium</span> <span class='ocrx_word' id='word_1_142' title='bbox 2089 1160 2234 1204; x_wconf 84' lang='lat' dir='ltr'>spacium</span> 
     </span>
     <span class='ocr_line' id='line_1_16' title="bbox 373 1215 2236 1264; baseline 0.002 -16"><span class='ocrx_word' id='word_1_143' title='bbox 373 1218 504 1248; x_wconf 79' lang='lat' dir='ltr'>minime</span> <span class='ocrx_word' id='word_1_144' title='bbox 542 1215 687 1251; x_wconf 78' lang='lat' dir='ltr'>liberari.</span> <span class='ocrx_word' id='word_1_145' title='bbox 735 1216 820 1261; x_wconf 85' lang='lat' dir='ltr'>quod</span> <span class='ocrx_word' id='word_1_146' title='bbox 860 1217 974 1262; x_wconf 82' lang='lat' dir='ltr'>elapso</span> <span class='ocrx_word' id='word_1_147' title='bbox 1011 1220 1154 1262; x_wconf 84' lang='lat' dir='ltr'>quinque</span> <span class='ocrx_word' id='word_1_148' title='bbox 1192 1229 1352 1252; x_wconf 85' lang='lat' dir='ltr'>annorum</span> <span class='ocrx_word' id='word_1_149' title='bbox 1393 1221 1505 1264; x_wconf 85' lang='lat' dir='ltr'>spacio</span> <span class='ocrx_word' id='word_1_150' title='bbox 1545 1218 1583 1252; x_wconf 87' lang='lat' dir='ltr'>ad</span> <span class='ocrx_word' id='word_1_151' title='bbox 1618 1220 1673 1263; x_wconf 88' lang='lat' dir='ltr'>jus</span> <span class='ocrx_word' id='word_1_152' title='bbox 1703 1223 1735 1252; x_wconf 83' lang='lat' dir='ltr'>et</span> <span class='ocrx_word' id='word_1_153' title='bbox 1764 1221 1999 1264; x_wconf 73' lang='lat' dir='ltr'>proprietatem</span> <span class='ocrx_word' id='word_1_154' title='bbox 2030 1217 2236 1264; x_wconf 81' lang='lat' dir='ltr'>prefatorum</span> 
     </span>
     <span class='ocr_line' id='line_1_17' title="bbox 373 1275 2238 1325; baseline 0.002 -16"><span class='ocrx_word' id='word_1_155' title='bbox 373 1275 600 1309; x_wconf 76' lang='lat' dir='ltr'>marchionum</span> <span class='ocrx_word' id='word_1_156' title='bbox 632 1276 734 1310; x_wconf 74' lang='lat' dir='ltr'>libere</span> <span class='ocrx_word' id='word_1_157' title='bbox 765 1281 880 1310; x_wconf 66' lang='lat' dir='ltr'>venire</span> <span class='ocrx_word' id='word_1_158' title='bbox 910 1277 1048 1311; x_wconf 83' lang='lat' dir='ltr'>deberet</span> <span class='ocrx_word' id='word_1_159' title='bbox 1077 1281 1148 1323; x_wconf 83' lang='lat' dir='ltr'>ipso</span> <span class='ocrx_word' id='word_1_160' title='bbox 1178 1278 1277 1321; x_wconf 57' lang='lat' dir='ltr'>facto7</span> <span class='ocrx_word' id='word_1_161' title='bbox 1316 1279 1499 1312; x_wconf 87' lang='lat' dir='ltr'>secundum</span> <span class='ocrx_word' id='word_1_162' title='bbox 1529 1279 1614 1324; x_wconf 88' lang='lat' dir='ltr'>quod</span> <span class='ocrx_word' id='word_1_163' title='bbox 1646 1282 1676 1313; x_wconf 92' lang='lat' dir='ltr'>in</span> <span class='ocrx_word' id='word_1_164' title='bbox 1708 1280 1822 1313; x_wconf 90' lang='lat' dir='ltr'>litteris</span> <span class='ocrx_word' id='word_1_165' title='bbox 1852 1281 1974 1313; x_wconf 85' lang='lat' dir='ltr'>nostris</span> <span class='ocrx_word' id='word_1_166' title='bbox 2003 1279 2043 1312; x_wconf 88' lang='lat' dir='ltr'>de</span> <span class='ocrx_word' id='word_1_167' title='bbox 2074 1283 2105 1313; x_wconf 83' lang='lat' dir='ltr'>et</span> <span class='ocrx_word' id='word_1_168' title='bbox 2138 1290 2238 1325; x_wconf 89' lang='lat' dir='ltr'>super</span> 
     </span>
     <span class='ocr_line' id='line_1_18' title="bbox 372 1336 2234 1385; baseline 0.003 -16"><span class='ocrx_word' id='word_1_169' title='bbox 372 1336 557 1370; x_wconf 85' lang='lat' dir='ltr'>huiusmodi</span> <span class='ocrx_word' id='word_1_170' title='bbox 579 1340 865 1383; x_wconf 58' lang='lat' dir='ltr'>impignoraeione</span> <span class='ocrx_word' id='word_1_171' title='bbox 885 1338 1049 1373; x_wconf 78' lang='lat' dir='ltr'>confectis</span> <span class='ocrx_word' id='word_1_172' title='bbox 1069 1338 1172 1373; x_wconf 89' lang='lat' dir='ltr'>lacius</span> <span class='ocrx_word' id='word_1_173' title='bbox 1192 1343 1243 1374; x_wconf 87' lang='lat' dir='ltr'>est</span> <span class='ocrx_word' id='word_1_174' title='bbox 1263 1350 1473 1385; x_wconf 79' lang='lat' dir='ltr'>expressum.</span> <span class='ocrx_word' id='word_1_175' title='bbox 1503 1339 1664 1374; x_wconf 86' lang='lat' dir='ltr'>Volentes</span> <span class='ocrx_word' id='word_1_176' title='bbox 1686 1345 1795 1373; x_wconf 89' lang='lat' dir='ltr'>tamen</span> <span class='ocrx_word' id='word_1_177' title='bbox 1816 1339 1953 1385; x_wconf 84' lang='lat' dir='ltr'>profatis</span> <span class='ocrx_word' id='word_1_178' title='bbox 1974 1338 2234 1381; x_wconf 66' lang='lat' dir='ltr'>marchionibus„</span> 
     </span>
     <span class='ocr_line' id='line_1_19' title="bbox 371 1399 2236 1446; baseline 0.002 -17"><span class='ocrx_word' id='word_1_179' title='bbox 371 1400 494 1442; x_wconf 81' lang='lat' dir='ltr'>patruis</span> <span class='ocrx_word' id='word_1_180' title='bbox 534 1401 667 1433; x_wconf 82' lang='lat' dir='ltr'>nostris.</span> <span class='ocrx_word' id='word_1_181' title='bbox 711 1401 815 1431; x_wconf 80' lang='lat' dir='ltr'>eciam</span> <span class='ocrx_word' id='word_1_182' title='bbox 855 1399 1035 1444; x_wconf 80' lang='lat' dir='ltr'>providere</span> <span class='ocrx_word' id='word_1_183' title='bbox 1079 1399 1119 1433; x_wconf 90' lang='lat' dir='ltr'>de</span> <span class='ocrx_word' id='word_1_184' title='bbox 1162 1399 1278 1433; x_wconf 85' lang='lat' dir='ltr'>suturis</span> <span class='ocrx_word' id='word_1_185' title='bbox 1320 1403 1552 1446; x_wconf 71' lang='lat' dir='ltr'>promittimus,</span> <span class='ocrx_word' id='word_1_186' title='bbox 1596 1401 1799 1446; x_wconf 83' lang='lat' dir='ltr'>spondemus</span> <span class='ocrx_word' id='word_1_187' title='bbox 1834 1405 1866 1434; x_wconf 88' lang='lat' dir='ltr'>ct</span> <span class='ocrx_word' id='word_1_188' title='bbox 1900 1400 2106 1446; x_wconf 62' lang='lat' dir='ltr'>pollicemur„</span> <span class='ocrx_word' id='word_1_189' title='bbox 2150 1400 2236 1445; x_wconf 86' lang='lat' dir='ltr'>quod</span> 
     </span>
     <span class='ocr_line' id='line_1_20' title="bbox 371 1457 2236 1504; baseline 0.002 -14"><span class='ocrx_word' id='word_1_190' title='bbox 371 1463 492 1491; x_wconf 75' lang='lat' dir='ltr'>extunc</span> <span class='ocrx_word' id='word_1_191' title='bbox 523 1461 553 1491; x_wconf 92' lang='lat' dir='ltr'>in</span> <span class='ocrx_word' id='word_1_192' title='bbox 583 1461 673 1504; x_wconf 85' lang='lat' dir='ltr'>ipsos</span> <span class='ocrx_word' id='word_1_193' title='bbox 704 1459 927 1494; x_wconf 73' lang='lat' dir='ltr'>marchiones.</span> <span class='ocrx_word' id='word_1_194' title='bbox 958 1460 1101 1493; x_wconf 85' lang='lat' dir='ltr'>heredes</span> <span class='ocrx_word' id='word_1_195' title='bbox 1131 1465 1162 1493; x_wconf 89' lang='lat' dir='ltr'>et</span> <span class='ocrx_word' id='word_1_196' title='bbox 1191 1472 1409 1495; x_wconf 84' lang='lat' dir='ltr'>successores</span> <span class='ocrx_word' id='word_1_197' title='bbox 1443 1472 1557 1495; x_wconf 82' lang='lat' dir='ltr'>eorum</span> <span class='ocrx_word' id='word_1_198' title='bbox 1595 1461 1716 1495; x_wconf 90' lang='lat' dir='ltr'>dictam</span> <span class='ocrx_word' id='word_1_199' title='bbox 1753 1461 1933 1495; x_wconf 77' lang='lat' dir='ltr'>marchiam</span> <span class='ocrx_word' id='word_1_200' title='bbox 1973 1472 2046 1495; x_wconf 91' lang='lat' dir='ltr'>cum</span> <span class='ocrx_word' id='word_1_201' title='bbox 2084 1457 2236 1495; x_wconf 86' lang='lat' dir='ltr'>omnibns</span> 
     </span>
     <span class='ocr_line' id='line_1_21' title="bbox 366 1518 2234 1568; baseline 0.002 -16"><span class='ocrx_word' id='word_1_202' title='bbox 366 1518 506 1562; x_wconf 82' lang='lat' dir='ltr'>juribus.</span> <span class='ocrx_word' id='word_1_203' title='bbox 547 1519 760 1564; x_wconf 63' lang='lat' dir='ltr'>dignitatibus</span> <span class='ocrx_word' id='word_1_204' title='bbox 791 1525 821 1554; x_wconf 88' lang='lat' dir='ltr'>et</span> <span class='ocrx_word' id='word_1_205' title='bbox 850 1523 1064 1566; x_wconf 84' lang='lat' dir='ltr'>pertinenciis</span> <span class='ocrx_word' id='word_1_206' title='bbox 1094 1520 1356 1567; x_wconf 83' lang='lat' dir='ltr'>quibuscumque</span> <span class='ocrx_word' id='word_1_207' title='bbox 1385 1521 1569 1556; x_wconf 87' lang='lat' dir='ltr'>transferre</span> <span class='ocrx_word' id='word_1_208' title='bbox 1604 1521 1785 1557; x_wconf 81' lang='lat' dir='ltr'>debeamus</span> <span class='ocrx_word' id='word_1_209' title='bbox 1814 1526 1845 1555; x_wconf 88' lang='lat' dir='ltr'>et</span> <span class='ocrx_word' id='word_1_210' title='bbox 1874 1524 1995 1555; x_wconf 86' lang='lat' dir='ltr'>virtute</span> <span class='ocrx_word' id='word_1_211' title='bbox 2023 1524 2234 1568; x_wconf 90' lang='lat' dir='ltr'>presencium</span> 
     </span>
     <span class='ocr_line' id='line_1_22' title="bbox 371 1581 2235 1626; baseline 0.001 -13"><span class='ocrx_word' id='word_1_212' title='bbox 371 1591 503 1613; x_wconf 78' lang='lat' dir='ltr'>exnunc</span> <span class='ocrx_word' id='word_1_213' title='bbox 533 1586 626 1626; x_wconf 91' lang='lat' dir='ltr'>prout</span> <span class='ocrx_word' id='word_1_214' title='bbox 658 1585 781 1615; x_wconf 77' lang='lat' dir='ltr'>extunc</span> <span class='ocrx_word' id='word_1_215' title='bbox 819 1582 1079 1619; x_wconf 74' lang='lat' dir='ltr'>transferrimus,</span> <span class='ocrx_word' id='word_1_216' title='bbox 1121 1582 1380 1617; x_wconf 78' lang='lat' dir='ltr'>transfundimus</span> <span class='ocrx_word' id='word_1_217' title='bbox 1418 1587 1449 1616; x_wconf 89' lang='lat' dir='ltr'>et</span> <span class='ocrx_word' id='word_1_218' title='bbox 1485 1586 1733 1617; x_wconf 81' lang='lat' dir='ltr'>transmittimus</span> <span class='ocrx_word' id='word_1_219' title='bbox 1769 1586 1800 1616; x_wconf 91' lang='lat' dir='ltr'>in</span> <span class='ocrx_word' id='word_1_220' title='bbox 1839 1582 1987 1621; x_wconf 58' lang='lat' dir='ltr'>eosdemq</span> <span class='ocrx_word' id='word_1_221' title='bbox 2026 1581 2105 1616; x_wconf 91' lang='lat' dir='ltr'>nihil</span> <span class='ocrx_word' id='word_1_222' title='bbox 2141 1581 2235 1616; x_wconf 89' lang='lat' dir='ltr'>nobis</span> 
     </span>
     <span class='ocr_line' id='line_1_23' title="bbox 366 1640 2234 1689; baseline 0.002 -16"><span class='ocrx_word' id='word_1_223' title='bbox 366 1640 612 1683; x_wconf 83' lang='lat' dir='ltr'>jurisdiccionis</span> <span class='ocrx_word' id='word_1_224' title='bbox 634 1642 687 1675; x_wconf 78' lang='lat' dir='ltr'>vel</span> <span class='ocrx_word' id='word_1_225' title='bbox 715 1642 849 1676; x_wconf 85' lang='lat' dir='ltr'>dominii</span> <span class='ocrx_word' id='word_1_226' title='bbox 879 1643 1098 1676; x_wconf 76' lang='lat' dir='ltr'>reservando.</span> <span class='ocrx_word' id='word_1_227' title='bbox 1130 1642 1243 1676; x_wconf 87' lang='lat' dir='ltr'>Eciam</span> <span class='ocrx_word' id='word_1_228' title='bbox 1274 1644 1381 1688; x_wconf 88' lang='lat' dir='ltr'>quoad</span> <span class='ocrx_word' id='word_1_229' title='bbox 1412 1644 1593 1677; x_wconf 72' lang='lat' dir='ltr'>eleccionis</span> <span class='ocrx_word' id='word_1_230' title='bbox 1623 1654 1742 1677; x_wconf 87' lang='lat' dir='ltr'>vocem</span> <span class='ocrx_word' id='word_1_231' title='bbox 1772 1647 1870 1689; x_wconf 88' lang='lat' dir='ltr'>atque</span> <span class='ocrx_word' id='word_1_232' title='bbox 1899 1654 2063 1689; x_wconf 81' lang='lat' dir='ltr'>expresse</span> <span class='ocrx_word' id='word_1_233' title='bbox 2083 1653 2234 1677; x_wconf 86' lang='lat' dir='ltr'>renunc-</span> 
     </span>
     <span class='ocr_line' id='line_1_24' title="bbox 371 1701 2235 1747; baseline 0.002 -14"><span class='ocrx_word' id='word_1_234' title='bbox 371 1704 496 1734; x_wconf 80' lang='lat' dir='ltr'>eiamus</span> <span class='ocrx_word' id='word_1_235' title='bbox 525 1713 585 1747; x_wconf 87' lang='lat' dir='ltr'>pro</span> <span class='ocrx_word' id='word_1_236' title='bbox 620 1701 714 1735; x_wconf 90' lang='lat' dir='ltr'>nobis</span> <span class='ocrx_word' id='word_1_237' title='bbox 744 1707 773 1735; x_wconf 88' lang='lat' dir='ltr'>et</span> <span class='ocrx_word' id='word_1_238' title='bbox 804 1703 1057 1737; x_wconf 72' lang='lat' dir='ltr'>successoribus</span> <span class='ocrx_word' id='word_1_239' title='bbox 1087 1707 1208 1737; x_wconf 86' lang='lat' dir='ltr'>nostris</span> <span class='ocrx_word' id='word_1_240' title='bbox 1247 1715 1309 1738; x_wconf 86' lang='lat' dir='ltr'>nec</span> <span class='ocrx_word' id='word_1_241' title='bbox 1338 1704 1493 1738; x_wconf 86' lang='lat' dir='ltr'>volumus</span> <span class='ocrx_word' id='word_1_242' title='bbox 1532 1716 1594 1738; x_wconf 90' lang='lat' dir='ltr'>nec</span> <span class='ocrx_word' id='word_1_243' title='bbox 1632 1704 1832 1738; x_wconf 81' lang='lat' dir='ltr'>intendimus</span> <span class='ocrx_word' id='word_1_244' title='bbox 1871 1709 1994 1737; x_wconf 82' lang='lat' dir='ltr'>extunc</span> <span class='ocrx_word' id='word_1_245' title='bbox 2031 1703 2141 1737; x_wconf 80' lang='lat' dir='ltr'>utisrui</span> <span class='ocrx_word' id='word_1_246' title='bbox 2180 1704 2235 1738; x_wconf 90' lang='lat' dir='ltr'>vel</span> 
     </span>
     <span class='ocr_line' id='line_1_25' title="bbox 372 1762 2234 1811; baseline 0.002 -16"><span class='ocrx_word' id='word_1_247' title='bbox 372 1765 466 1808; x_wconf 91' lang='lat' dir='ltr'>potiri</span> <span class='ocrx_word' id='word_1_248' title='bbox 497 1762 658 1808; x_wconf 79' lang='lat' dir='ltr'>aliquibus</span> <span class='ocrx_word' id='word_1_249' title='bbox 689 1763 812 1799; x_wconf 76' lang='lat' dir='ltr'>usibus,</span> <span class='ocrx_word' id='word_1_250' title='bbox 844 1767 996 1809; x_wconf 74' lang='lat' dir='ltr'>insigniis</span> <span class='ocrx_word' id='word_1_251' title='bbox 1025 1764 1080 1798; x_wconf 83' lang='lat' dir='ltr'>vel</span> <span class='ocrx_word' id='word_1_252' title='bbox 1119 1768 1320 1799; x_wconf 70' lang='lat' dir='ltr'>ceremoniis</span> <span class='ocrx_word' id='word_1_253' title='bbox 1355 1765 1396 1799; x_wconf 87' lang='lat' dir='ltr'>ad</span> <span class='ocrx_word' id='word_1_254' title='bbox 1434 1768 1670 1811; x_wconf 69' lang='lat' dir='ltr'>proprietatem</span> <span class='ocrx_word' id='word_1_255' title='bbox 1710 1765 1957 1798; x_wconf 85' lang='lat' dir='ltr'>marchionatus</span> <span class='ocrx_word' id='word_1_256' title='bbox 1993 1763 2234 1810; x_wconf 88' lang='lat' dir='ltr'>pertinentibus</span> 
     </span>
     <span class='ocr_line' id='line_1_26' title="bbox 371 1824 2234 1871; baseline 0.001 -15"><span class='ocrx_word' id='word_1_257' title='bbox 371 1827 489 1868; x_wconf 66' lang='lat' dir='ltr'>quovis</span> <span class='ocrx_word' id='word_1_258' title='bbox 511 1827 644 1867; x_wconf 75' lang='lat' dir='ltr'>ingenio</span> <span class='ocrx_word' id='word_1_259' title='bbox 670 1824 724 1857; x_wconf 82' lang='lat' dir='ltr'>vel</span> <span class='ocrx_word' id='word_1_260' title='bbox 745 1825 869 1859; x_wconf 83' lang='lat' dir='ltr'>colore.</span> <span class='ocrx_word' id='word_1_261' title='bbox 901 1824 1075 1870; x_wconf 78' lang='lat' dir='ltr'>Rogantes</span> <span class='ocrx_word' id='word_1_262' title='bbox 1096 1831 1124 1859; x_wconf 91' lang='lat' dir='ltr'>et</span> <span class='ocrx_word' id='word_1_263' title='bbox 1148 1829 1358 1871; x_wconf 83' lang='lat' dir='ltr'>requirentes</span> <span class='ocrx_word' id='word_1_264' title='bbox 1378 1829 1628 1860; x_wconf 88' lang='lat' dir='ltr'>serenissimum</span> <span class='ocrx_word' id='word_1_265' title='bbox 1650 1828 1831 1871; x_wconf 86' lang='lat' dir='ltr'>principem</span> <span class='ocrx_word' id='word_1_266' title='bbox 1858 1825 2037 1859; x_wconf 80' lang='lat' dir='ltr'>dominum.</span> <span class='ocrx_word' id='word_1_267' title='bbox 2066 1825 2234 1859; x_wconf 90' lang='lat' dir='ltr'>dominum</span> 
     </span>
     <span class='ocr_line' id='line_1_27' title="bbox 372 1884 2233 1933; baseline 0.002 -17"><span class='ocrx_word' id='word_1_268' title='bbox 372 1884 609 1917; x_wconf 77' lang='lat' dir='ltr'>Weneeslaum</span> <span class='ocrx_word' id='word_1_269' title='bbox 640 1884 867 1919; x_wconf 83' lang='lat' dir='ltr'>Romanorum</span> <span class='ocrx_word' id='word_1_270' title='bbox 897 1890 928 1919; x_wconf 86' lang='lat' dir='ltr'>et</span> <span class='ocrx_word' id='word_1_271' title='bbox 957 1885 1095 1920; x_wconf 87' lang='lat' dir='ltr'>Boemie</span> <span class='ocrx_word' id='word_1_272' title='bbox 1125 1897 1253 1931; x_wconf 57' lang='lat' dir='ltr'>regem„</span> <span class='ocrx_word' id='word_1_273' title='bbox 1293 1886 1347 1920; x_wconf 79' lang='lat' dir='ltr'>vel</span> <span class='ocrx_word' id='word_1_274' title='bbox 1385 1890 1438 1932; x_wconf 89' lang='lat' dir='ltr'>qui</span> <span class='ocrx_word' id='word_1_275' title='bbox 1468 1890 1529 1920; x_wconf 86' lang='lat' dir='ltr'>crit</span> <span class='ocrx_word' id='word_1_276' title='bbox 1559 1898 1618 1933; x_wconf 92' lang='lat' dir='ltr'>pro</span> <span class='ocrx_word' id='word_1_277' title='bbox 1648 1892 1811 1932; x_wconf 65' lang='lat' dir='ltr'>tempore„</span> <span class='ocrx_word' id='word_1_278' title='bbox 1847 1897 1963 1931; x_wconf 76' lang='lat' dir='ltr'>regem</span> <span class='ocrx_word' id='word_1_279' title='bbox 1993 1885 2233 1923; x_wconf 67' lang='lat' dir='ltr'>Romanorum„</span> 
     </span>
     <span class='ocr_line' id='line_1_28' title="bbox 371 1941 2234 1992; baseline 0.001 -15"><span class='ocrx_word' id='word_1_280' title='bbox 371 1950 400 1978; x_wconf 88' lang='lat' dir='ltr'>ut</span> <span class='ocrx_word' id='word_1_281' title='bbox 441 1949 514 1990; x_wconf 86' lang='lat' dir='ltr'>post</span> <span class='ocrx_word' id='word_1_282' title='bbox 551 1945 677 1990; x_wconf 91' lang='lat' dir='ltr'>lapsum</span> <span class='ocrx_word' id='word_1_283' title='bbox 716 1946 835 1991; x_wconf 86' lang='lat' dir='ltr'>prefati</span> <span class='ocrx_word' id='word_1_284' title='bbox 873 1950 1032 1992; x_wconf 85' lang='lat' dir='ltr'>temporis</span> <span class='ocrx_word' id='word_1_285' title='bbox 1070 1957 1131 1981; x_wconf 80' lang='lat' dir='ltr'>nos</span> <span class='ocrx_word' id='word_1_286' title='bbox 1165 1958 1181 1980; x_wconf 91' lang='lat' dir='ltr'>a</span> <span class='ocrx_word' id='word_1_287' title='bbox 1221 1947 1306 1981; x_wconf 87' lang='lat' dir='ltr'>dicte</span> <span class='ocrx_word' id='word_1_288' title='bbox 1343 1947 1491 1981; x_wconf 89' lang='lat' dir='ltr'>marchie</span> <span class='ocrx_word' id='word_1_289' title='bbox 1530 1948 1629 1981; x_wconf 79' lang='lat' dir='ltr'>feudo</span> <span class='ocrx_word' id='word_1_290' title='bbox 1658 1946 1762 1981; x_wconf 88' lang='lat' dir='ltr'>libere</span> <span class='ocrx_word' id='word_1_291' title='bbox 1801 1946 1953 1981; x_wconf 87' lang='lat' dir='ltr'>absolvat</span> <span class='ocrx_word' id='word_1_292' title='bbox 1981 1951 2013 1980; x_wconf 85' lang='lat' dir='ltr'>ct</span> <span class='ocrx_word' id='word_1_293' title='bbox 2043 1941 2234 1980; x_wconf 80' lang='lat' dir='ltr'>m&#39;emoratis</span> 
     </span>
     <span class='ocr_line' id='line_1_29' title="bbox 371 2004 2233 2053; baseline 0.001 -14"><span class='ocrx_word' id='word_1_294' title='bbox 371 2004 617 2039; x_wconf 84' lang='lat' dir='ltr'>marchionibus</span> <span class='ocrx_word' id='word_1_295' title='bbox 646 2005 799 2041; x_wconf 77' lang='lat' dir='ltr'>Moravie</span> <span class='ocrx_word' id='word_1_296' title='bbox 829 2007 947 2040; x_wconf 91' lang='lat' dir='ltr'>dictam</span> <span class='ocrx_word' id='word_1_297' title='bbox 979 2007 1159 2041; x_wconf 83' lang='lat' dir='ltr'>marchiam</span> <span class='ocrx_word' id='word_1_298' title='bbox 1191 2007 1563 2053; x_wconf 81' lang='lat' dir='ltr'>Brandemburgensem</span> <span class='ocrx_word' id='word_1_299' title='bbox 1595 2008 1634 2041; x_wconf 92' lang='lat' dir='ltr'>ad</span> <span class='ocrx_word' id='word_1_300' title='bbox 1672 2012 1819 2042; x_wconf 89' lang='lat' dir='ltr'>nostram</span> <span class='ocrx_word' id='word_1_301' title='bbox 1857 2007 2044 2041; x_wconf 90' lang='lat' dir='ltr'>huiusmodi</span> <span class='ocrx_word' id='word_1_302' title='bbox 2082 2018 2233 2041; x_wconf 91' lang='lat' dir='ltr'>renunc-</span> 
     </span>
     <span class='ocr_line' id='line_1_30' title="bbox 370 2067 2233 2115; baseline 0.001 -16"><span class='ocrx_word' id='word_1_303' title='bbox 370 2069 565 2100; x_wconf 80' lang='lat' dir='ltr'>ciacionem.</span> <span class='ocrx_word' id='word_1_304' title='bbox 601 2078 698 2111; x_wconf 87' lang='lat' dir='ltr'>quam</span> <span class='ocrx_word' id='word_1_305' title='bbox 734 2079 795 2113; x_wconf 88' lang='lat' dir='ltr'>pro</span> <span class='ocrx_word' id='word_1_306' title='bbox 831 2067 1009 2102; x_wconf 72' lang='lat' dir='ltr'>sufficienti</span> <span class='ocrx_word' id='word_1_307' title='bbox 1047 2067 1173 2102; x_wconf 88' lang='lat' dir='ltr'>habere</span> <span class='ocrx_word' id='word_1_308' title='bbox 1203 2069 1367 2111; x_wconf 53' lang='lat' dir='ltr'>volumuffi</span> <span class='ocrx_word' id='word_1_309' title='bbox 1405 2071 1596 2115; x_wconf 87' lang='lat' dir='ltr'>incorporet</span> <span class='ocrx_word' id='word_1_310' title='bbox 1634 2074 1666 2102; x_wconf 91' lang='lat' dir='ltr'>et</span> <span class='ocrx_word' id='word_1_311' title='bbox 1700 2080 1774 2102; x_wconf 90' lang='lat' dir='ltr'>cum</span> <span class='ocrx_word' id='word_1_312' title='bbox 1803 2067 2100 2114; x_wconf 85' lang='lat' dir='ltr'>sollempnitatibus</span> <span class='ocrx_word' id='word_1_313' title='bbox 2128 2067 2233 2102; x_wconf 84' lang='lat' dir='ltr'>solitis</span> 
     </span>
     <span class='ocr_line' id='line_1_31' title="bbox 371 2127 2232 2175; baseline 0.001 -15"><span class='ocrx_word' id='word_1_314' title='bbox 371 2127 529 2170; x_wconf 62' lang='lat' dir='ltr'>infeudet‚</span> <span class='ocrx_word' id='word_1_315' title='bbox 559 2139 685 2173; x_wconf 85' lang='lat' dir='ltr'>eosque</span> <span class='ocrx_word' id='word_1_316' title='bbox 714 2131 871 2162; x_wconf 79' lang='lat' dir='ltr'>investiat</span> <span class='ocrx_word' id='word_1_317' title='bbox 900 2129 940 2162; x_wconf 88' lang='lat' dir='ltr'>de</span> <span class='ocrx_word' id='word_1_318' title='bbox 970 2132 1136 2163; x_wconf 73' lang='lat' dir='ltr'>universis</span> <span class='ocrx_word' id='word_1_319' title='bbox 1161 2129 1291 2173; x_wconf 87' lang='lat' dir='ltr'>juribus</span> <span class='ocrx_word' id='word_1_320' title='bbox 1321 2134 1349 2162; x_wconf 86' lang='lat' dir='ltr'>et</span> <span class='ocrx_word' id='word_1_321' title='bbox 1381 2132 1595 2175; x_wconf 89' lang='lat' dir='ltr'>pertinenciis</span> <span class='ocrx_word' id='word_1_322' title='bbox 1625 2133 1707 2166; x_wconf 38' lang='lat' dir='ltr'>eius*</span> <span class='ocrx_word' id='word_1_323' title='bbox 1737 2132 1857 2174; x_wconf 85' lang='lat' dir='ltr'>quovis</span> <span class='ocrx_word' id='word_1_324' title='bbox 1887 2128 1977 2162; x_wconf 90' lang='lat' dir='ltr'>titulo</span> <span class='ocrx_word' id='word_1_325' title='bbox 2007 2127 2232 2174; x_wconf 85' lang='lat' dir='ltr'>spectantibus</span> 
     </span>
     <span class='ocr_line' id='line_1_32' title="bbox 371 2188 2229 2234; baseline 0.001 -14"><span class='ocrx_word' id='word_1_326' title='bbox 371 2188 409 2221; x_wconf 89' lang='lat' dir='ltr'>ad</span> <span class='ocrx_word' id='word_1_327' title='bbox 440 2188 593 2231; x_wconf 67' lang='lat' dir='ltr'>eandem,</span> <span class='ocrx_word' id='word_1_328' title='bbox 624 2189 709 2222; x_wconf 91' lang='lat' dir='ltr'>nulla</span> <span class='ocrx_word' id='word_1_329' title='bbox 740 2194 851 2223; x_wconf 83' lang='lat' dir='ltr'>nostra</span> <span class='ocrx_word' id='word_1_330' title='bbox 882 2190 1065 2231; x_wconf 71' lang='lat' dir='ltr'>voluntate„</span> <span class='ocrx_word' id='word_1_331' title='bbox 1103 2192 1385 2223; x_wconf 81' lang='lat' dir='ltr'>renuncciacione</span> <span class='ocrx_word' id='word_1_332' title='bbox 1423 2190 1477 2224; x_wconf 79' lang='lat' dir='ltr'>vel</span> <span class='ocrx_word' id='word_1_333' title='bbox 1516 2190 1670 2224; x_wconf 89' lang='lat' dir='ltr'>mandato</span> <span class='ocrx_word' id='word_1_334' title='bbox 1700 2189 1835 2223; x_wconf 81' lang='lat' dir='ltr'>ulterius</span> <span class='ocrx_word' id='word_1_335' title='bbox 1873 2191 2072 2234; x_wconf 77' lang='lat' dir='ltr'>expectatis,</span> <span class='ocrx_word' id='word_1_336' title='bbox 2111 2193 2229 2230; x_wconf 68' lang='lat' dir='ltr'>ratum,</span> 
     </span>
     <span class='ocr_line' id='line_1_33' title="bbox 370 2248 2233 2296; baseline -0.001 -14"><span class='ocrx_word' id='word_1_337' title='bbox 370 2253 500 2286; x_wconf 58' lang='lat' dir='ltr'>gratum</span> <span class='ocrx_word' id='word_1_338' title='bbox 531 2254 563 2283; x_wconf 87' lang='lat' dir='ltr'>et</span> <span class='ocrx_word' id='word_1_339' title='bbox 592 2248 720 2283; x_wconf 91' lang='lat' dir='ltr'>firmum</span> <span class='ocrx_word' id='word_1_340' title='bbox 749 2255 910 2296; x_wconf 84' lang='lat' dir='ltr'>perpetue</span> <span class='ocrx_word' id='word_1_341' title='bbox 944 2249 1098 2293; x_wconf 65' lang='lat' dir='ltr'>habituri,</span> <span class='ocrx_word' id='word_1_342' title='bbox 1138 2250 1293 2296; x_wconf 87' lang='lat' dir='ltr'>quidquid</span> <span class='ocrx_word' id='word_1_343' title='bbox 1333 2262 1393 2296; x_wconf 87' lang='lat' dir='ltr'>per</span> <span class='ocrx_word' id='word_1_344' title='bbox 1427 2251 1590 2296; x_wconf 86' lang='lat' dir='ltr'>prefatum</span> <span class='ocrx_word' id='word_1_345' title='bbox 1627 2250 1794 2284; x_wconf 89' lang='lat' dir='ltr'>dominum</span> <span class='ocrx_word' id='word_1_346' title='bbox 1832 2260 1949 2293; x_wconf 79' lang='lat' dir='ltr'>regem</span> <span class='ocrx_word' id='word_1_347' title='bbox 1987 2249 2043 2282; x_wconf 92' lang='lat' dir='ltr'>vel</span> <span class='ocrx_word' id='word_1_348' title='bbox 2079 2252 2133 2294; x_wconf 93' lang='lat' dir='ltr'>qui</span> <span class='ocrx_word' id='word_1_349' title='bbox 2171 2251 2233 2282; x_wconf 89' lang='lat' dir='ltr'>erit</span> 
     </span>
     <span class='ocr_line' id='line_1_34' title="bbox 371 2310 2229 2355; baseline 0.001 -13"><span class='ocrx_word' id='word_1_350' title='bbox 371 2319 429 2354; x_wconf 82' lang='lat' dir='ltr'>pro</span> <span class='ocrx_word' id='word_1_351' title='bbox 460 2314 620 2355; x_wconf 80' lang='lat' dir='ltr'>tempore.</span> <span class='ocrx_word' id='word_1_352' title='bbox 651 2313 740 2343; x_wconf 89' lang='lat' dir='ltr'>eirca</span> <span class='ocrx_word' id='word_1_353' title='bbox 770 2310 1012 2344; x_wconf 85' lang='lat' dir='ltr'>infeudacionis</span> <span class='ocrx_word' id='word_1_354' title='bbox 1036 2312 1113 2355; x_wconf 87' lang='lat' dir='ltr'>jura</span> <span class='ocrx_word' id='word_1_355' title='bbox 1143 2310 1264 2344; x_wconf 88' lang='lat' dir='ltr'>factum</span> <span class='ocrx_word' id='word_1_356' title='bbox 1295 2310 1394 2344; x_wconf 86' lang='lat' dir='ltr'>fuerit</span> <span class='ocrx_word' id='word_1_357' title='bbox 1422 2311 1478 2345; x_wconf 68' lang='lat' dir='ltr'>vel</span> <span class='ocrx_word' id='word_1_358' title='bbox 1508 2311 1705 2345; x_wconf 90' lang='lat' dir='ltr'>ordinatum.</span> <span class='ocrx_word' id='word_1_359' title='bbox 1739 2310 1774 2344; x_wconf 90' lang='lat' dir='ltr'>In</span> <span class='ocrx_word' id='word_1_360' title='bbox 1804 2313 1897 2343; x_wconf 89' lang='lat' dir='ltr'>cuius</span> <span class='ocrx_word' id='word_1_361' title='bbox 1927 2313 1975 2343; x_wconf 89' lang='lat' dir='ltr'>rei</span> <span class='ocrx_word' id='word_1_362' title='bbox 2004 2312 2229 2343; x_wconf 82' lang='lat' dir='ltr'>testimonium</span> 
     </span>
     <span class='ocr_line' id='line_1_35' title="bbox 371 2370 2233 2417; baseline 0.001 -15"><span class='ocrx_word' id='word_1_363' title='bbox 371 2370 511 2413; x_wconf 65' lang='lat' dir='ltr'>sigillum</span> <span class='ocrx_word' id='word_1_364' title='bbox 542 2375 691 2404; x_wconf 89' lang='lat' dir='ltr'>nostrum</span> <span class='ocrx_word' id='word_1_365' title='bbox 721 2374 922 2405; x_wconf 84' lang='lat' dir='ltr'>autenticum</span> <span class='ocrx_word' id='word_1_366' title='bbox 951 2372 992 2405; x_wconf 90' lang='lat' dir='ltr'>de</span> <span class='ocrx_word' id='word_1_367' title='bbox 1020 2377 1133 2405; x_wconf 89' lang='lat' dir='ltr'>nostra</span> <span class='ocrx_word' id='word_1_368' title='bbox 1163 2377 1254 2406; x_wconf 88' lang='lat' dir='ltr'>certa</span> <span class='ocrx_word' id='word_1_369' title='bbox 1289 2374 1434 2405; x_wconf 84' lang='lat' dir='ltr'>sciencia</span> <span class='ocrx_word' id='word_1_370' title='bbox 1473 2371 1683 2417; x_wconf 88' lang='lat' dir='ltr'>presentibus</span> <span class='ocrx_word' id='word_1_371' title='bbox 1721 2375 1770 2405; x_wconf 88' lang='lat' dir='ltr'>est</span> <span class='ocrx_word' id='word_1_372' title='bbox 1808 2381 2002 2416; x_wconf 89' lang='lat' dir='ltr'>appensum.</span> <span class='ocrx_word' id='word_1_373' title='bbox 2042 2370 2162 2404; x_wconf 80' lang='lat' dir='ltr'>Datum</span> <span class='ocrx_word' id='word_1_374' title='bbox 2200 2373 2233 2404; x_wconf 91' lang='lat' dir='ltr'>in</span> 
     </span>
     <span class='ocr_line' id='line_1_36' title="bbox 372 2429 2232 2478; baseline 0.001 -16"><span class='ocrx_word' id='word_1_375' title='bbox 372 2429 565 2463; x_wconf 78' lang='lat' dir='ltr'>Schintavia</span> <span class='ocrx_word' id='word_1_376' title='bbox 604 2431 687 2464; x_wconf 89' lang='lat' dir='ltr'>feria</span> <span class='ocrx_word' id='word_1_377' title='bbox 724 2436 819 2464; x_wconf 81' lang='lat' dir='ltr'>sexta</span> <span class='ocrx_word' id='word_1_378' title='bbox 855 2434 1008 2478; x_wconf 75' lang='lat' dir='ltr'>proxima</span> <span class='ocrx_word' id='word_1_379' title='bbox 1043 2437 1118 2466; x_wconf 88' lang='lat' dir='ltr'>ante</span> <span class='ocrx_word' id='word_1_380' title='bbox 1154 2432 1274 2466; x_wconf 88' lang='lat' dir='ltr'>festum</span> <span class='ocrx_word' id='word_1_381' title='bbox 1311 2436 1426 2466; x_wconf 88' lang='lat' dir='ltr'>sancte</span> <span class='ocrx_word' id='word_1_382' title='bbox 1465 2437 1496 2466; x_wconf 89' lang='lat' dir='ltr'>et</span> <span class='ocrx_word' id='word_1_383' title='bbox 1533 2431 1702 2466; x_wconf 86' lang='lat' dir='ltr'>individue</span> <span class='ocrx_word' id='word_1_384' title='bbox 1739 2431 1919 2465; x_wconf 88' lang='lat' dir='ltr'>Trinitatis.</span> <span class='ocrx_word' id='word_1_385' title='bbox 1965 2431 2065 2465; x_wconf 83' lang='lat' dir='ltr'>Anno</span> <span class='ocrx_word' id='word_1_386' title='bbox 2110 2431 2232 2465; x_wconf 90' lang='lat' dir='ltr'>domini</span> 
     </span>
     <span class='ocr_line' id='line_1_37' title="bbox 372 2489 1213 2536; baseline 0.005 -14"><span class='ocrx_word' id='word_1_387' title='bbox 372 2489 545 2523; x_wconf 83' lang='lat' dir='ltr'>millesimo</span> <span class='ocrx_word' id='word_1_388' title='bbox 575 2494 810 2525; x_wconf 85' lang='lat' dir='ltr'>trecentesimo</span> <span class='ocrx_word' id='word_1_389' title='bbox 839 2495 1048 2536; x_wconf 81' lang='lat' dir='ltr'>octogesimo</span> <span class='ocrx_word' id='word_1_390' title='bbox 1079 2497 1213 2526; x_wconf 86' lang='lat' dir='ltr'>octavo.</span> 
     </span>
    </p>

    <p class='ocr_par' dir='ltr' id='par_1_7' title="bbox 682 2569 2230 2605">
     <span class='ocr_line' id='line_1_38' title="bbox 682 2569 2230 2605; baseline -0.001 -10"><span class='ocrx_word' id='word_1_391' title='bbox 682 2570 769 2603; x_wconf 62' lang='lat' dir='ltr'>(i‘trig.</span> <span class='ocrx_word' id='word_1_392' title='bbox 793 2571 874 2604; x_wconf 80' lang='lat' dir='ltr'>Perg.</span> <span class='ocrx_word' id='word_1_393' title='bbox 900 2571 949 2595; x_wconf 84' lang='lat' dir='ltr'>mit</span> <span class='ocrx_word' id='word_1_394' title='bbox 973 2571 1000 2598; x_wconf 85' lang='lat' dir='ltr'>ll.</span> <span class='ocrx_word' id='word_1_395' title='bbox 1025 2571 1104 2596; x_wconf 83' lang='lat' dir='ltr'>stark</span> <span class='ocrx_word' id='word_1_396' title='bbox 1127 2571 1332 2605; x_wconf 66' lang='lat' dir='ltr'>beschiidigten</span> <span class='ocrx_word' id='word_1_397' title='bbox 1357 2571 1413 2605; x_wconf 79' lang='lat' dir='ltr'>Sig.</span> <span class='ocrx_word' id='word_1_398' title='bbox 1437 2571 1465 2596; x_wconf 87' lang='lat' dir='ltr'>in</span> <span class='ocrx_word' id='word_1_399' title='bbox 1483 2571 1536 2596; x_wconf 85' lang='lat' dir='ltr'>den</span> <span class='ocrx_word' id='word_1_400' title='bbox 1562 2570 1786 2596; x_wconf 67' lang='lat' dir='ltr'>altstandiseheu</span> <span class='ocrx_word' id='word_1_401' title='bbox 1811 2570 1906 2596; x_wconf 84' lang='lat' dir='ltr'>Akten</span> <span class='ocrx_word' id='word_1_402' title='bbox 1931 2570 1980 2595; x_wconf 77' lang='lat' dir='ltr'>des</span> <span class='ocrx_word' id='word_1_403' title='bbox 1997 2569 2085 2595; x_wconf 69' lang='lat' dir='ltr'>maht.</span> <span class='ocrx_word' id='word_1_404' title='bbox 2105 2570 2230 2595; x_wconf 79' lang='lat' dir='ltr'>Laudes-</span> 
     </span>
    </p>
   </div>
   <div class='ocr_carea' id='block_1_5' title="bbox 784 2621 2228 2707">
    <p class='ocr_par' dir='ltr' id='par_1_8' title="bbox 784 2621 2228 2707">
     <span class='ocr_line' id='line_1_39' title="bbox 784 2621 2228 2655; baseline 0 -9"><span class='ocrx_word' id='word_1_405' title='bbox 784 2622 923 2649; x_wconf 79' lang='lat' dir='ltr'>arehives.</span> <span class='ocrx_word' id='word_1_406' title='bbox 971 2623 1023 2648; x_wconf 76' lang='lat' dir='ltr'>Die</span> <span class='ocrx_word' id='word_1_407' title='bbox 1057 2623 1192 2649; x_wconf 83' lang='lat' dir='ltr'>Urkuude</span> <span class='ocrx_word' id='word_1_408' title='bbox 1224 2623 1273 2648; x_wconf 81' lang='lat' dir='ltr'>hat</span> <span class='ocrx_word' id='word_1_409' title='bbox 1304 2623 1392 2648; x_wconf 81' lang='lat' dir='ltr'>durch</span> <span class='ocrx_word' id='word_1_410' title='bbox 1418 2622 1646 2648; x_wconf 54' lang='lat' dir='ltr'>XVassel-flecken</span> <span class='ocrx_word' id='word_1_411' title='bbox 1672 2623 1736 2647; x_wconf 85' lang='lat' dir='ltr'>sehr</span> <span class='ocrx_word' id='word_1_412' title='bbox 1767 2622 1893 2654; x_wconf 60' lang='lat' dir='ltr'>golitten.</span> <span class='ocrx_word' id='word_1_413' title='bbox 1922 2638 1959 2640; x_wconf 96' lang='lat'><strong>—</strong></span> <span class='ocrx_word' id='word_1_414' title='bbox 1986 2621 2169 2655; x_wconf 75' lang='lat' dir='ltr'>Abgedruckt</span> <span class='ocrx_word' id='word_1_415' title='bbox 2202 2621 2228 2646; x_wconf 85' lang='lat' dir='ltr'>in</span> 
     </span>
     <span class='ocr_line' id='line_1_40' title="bbox 784 2674 1419 2707; baseline 0.002 -9"><span class='ocrx_word' id='word_1_416' title='bbox 784 2674 908 2700; x_wconf 72' lang='lat' dir='ltr'>Riedel‘s</span> <span class='ocrx_word' id='word_1_417' title='bbox 933 2674 1003 2701; x_wconf 89' lang='lat' dir='ltr'>Cod.</span> <span class='ocrx_word' id='word_1_418' title='bbox 1029 2675 1190 2702; x_wconf 80' lang='lat' dir='ltr'>Brandenb,</span> <span class='ocrx_word' id='word_1_419' title='bbox 1217 2675 1247 2700; x_wconf 84' lang='lat' dir='ltr'>B.</span> <span class='ocrx_word' id='word_1_420' title='bbox 1272 2675 1327 2701; x_wconf 88' lang='lat' dir='ltr'>III.</span> <span class='ocrx_word' id='word_1_421' title='bbox 1354 2676 1419 2707; x_wconf 73' lang='lat'>99.)</span> 
     </span>
    </p>
   </div>
  </div>
 </body>
</html>
