2336 3074
1285 209 1351 242 172

385 319 454 351 liet-t
489 319 656 354 Gregorii.
692 317 866 353 ‚hig-nsunt
897 319 926 347 et
952 313 1121 347 Ambrosii
1143 314 1246 346 altare
1269 317 1298 347 in
1320 316 1389 359 ipsa
1411 313 1554 347 ecclesia
1576 318 1688 347 nostra
1711 314 1927 348 Olomucensi
1947 314 1988 348 dc
2008 325 2098 348 novo
2119 316 2245 348 creavit

384 383 412 410 et
447 379 605 411 t‘nntlaxit.
636 379 686 409 cui
718 387 776 421 pro
807 376 882 408 dote
912 380 940 407 et
979 386 1127 419 congrua
1167 377 1415 408 snstentacione
1445 374 1630 408 sacerdotis
1670 379 1702 408 et
1738 377 1876 408 ministri
1916 375 2065 408 eiusdem
2105 374 2246 408 mediam

384 439 492 470 xillum
527 437 757 470 Kissielowicr.
788 447 891 481 prope
921 436 1070 468 t‘remsir
1107 446 1179 469 cum
1211 439 1338 480 septem
1377 435 1481 470 laneis
1520 440 1550 468 et
1590 447 1655 469 uno
1694 436 1846 481 quartali,
1886 440 2027 480 quatuor
2066 435 2248 473 curticulis„

386 499 585 531 inoleinlino,
617 497 718 530 tribus
749 496 918 529 tbabernis
957 507 1030 529 eum
1070 499 1183 541 pratis,
1222 498 1366 541 pascuis.
1395 499 1501 541 aquis.
1533 496 1788 542 piscacionibus.
1824 499 1928 539 agris,
1965 496 2070 534 silvis„
2104 495 2246 540 juribus,

385 557 572 590 utilitatibus
603 562 631 590 et
663 559 876 602 pertun-neiis
906 559 1073 589 universis
1103 557 1200 602 pleno
1225 557 1313 599 jure.
1344 561 1440 602 prout
1470 568 1508 590 ca
1539 561 1616 591 emit
1645 562 1677 591 et
1705 560 1913 603 comparavit
1942 568 1959 590 a
1990 556 2102 602 probis
2133 555 2246 589 bomi-

388 618 481 652 nibus
511 617 682 651 Sbiulmne
713 622 741 650 et
774 617 913 662 l'omyn.
945 616 1100 650 fratribus
1131 617 1171 650 de
1202 616 1365 650 Wlskucb
1397 617 1503 653 dicus.
1532 629 1592 664 pro
1632 622 1763 651 centum
1802 623 1834 651 et
1871 620 2081 663 septuaginta
2119 620 2246 662 septem

388 682 507 712 marcis
537 690 609 711 enm
641 678 747 711 media
779 689 890 711 marca
919 688 1116 721 grossorum
1146 680 1361 723 pragensium
1393 681 1499 711 minus
1529 678 1644 712 decem
1674 681 1802 723 grossis
1833 682 1862 712 in
1892 681 2042 724 pecuniis
2062 680 2186 724 paratis
2206 676 2246 710 de

387 751 552 773 consensu
583 742 706 784 pariter
735 743 763 771 et
795 738 835 771 de
865 738 1035 771 voluntate
1065 737 1198 771 illustris
1227 741 1384 784 principis
1414 738 1536 772 domini
1559 766 1565 772 .
1589 767 1595 772 .
1626 738 1743 772 Jodoci
1774 739 1975 772 marchionis
1996 738 2148 773 Moravie
2169 739 2247 783 ipsis

387 800 529 833 ecclesie
559 804 588 832 ct
629 799 770 845 capitulo
802 799 1016 832 Olomuccnsi
1047 801 1135 831 iuxta
1179 798 1454 832 consuetudinem
1493 804 1582 832 terre
1620 799 1772 833 Moravie
1809 799 1986 833 intabulata
2025 802 2171 832 existunt
2208 808 2247 831 ac

386 865 544 894 censnant
575 871 683 893 annue
713 859 886 892 duodecim
918 870 1048 892 mareas
1077 870 1273 900 grossorum
1305 870 1378 892 cum
1409 862 1674 905 vigintiquinque
1702 863 1831 901 grossis
1853 863 1884 893 et
1900 870 2022 893 novem
2044 857 2247 901 hidensibus,

386 927 415 954 et
447 921 486 954 de
517 920 658 965 qualibet
690 920 788 953 domo
818 924 959 965 ‹pialnor
992 919 1098 965 pullos
1135 924 1164 953 et
1208 919 1427 964 ‹piadraginla
1465 931 1541 963 ova„
1579 920 1717 965 singulis
1755 923 1849 955 annis
1888 923 1919 954 in
1957 924 2151 966 perpetuum
2188 929 2249 965 per

385 981 594 1016 sacerdotem
625 986 654 1014 et
686 983 868 1014 ministrum
899 980 1047 1014 eiusdem
1077 980 1201 1016 altaris.
1231 983 1285 1026 qui
1313 991 1374 1026 pro
1404 985 1554 1026 tempore
1584 980 1694 1024 suerit,
1724 981 1879 1024 tenenda,
1900 980 2051 1015 habenda
2081 985 2113 1014 et
2132 982 2248 1027 possi-

387 1042 505 1076 denda.
535 1041 637 1075 libera
668 1046 697 1074 et
728 1041 813 1074 bona
843 1041 1027 1074 voluntate.
1057 1052 1137 1074 sana
1176 1040 1424 1075 deliberacione
1461 1045 1577 1087 previa
1616 1042 1763 1084 contulit,
1803 1042 1935 1076 tradidit
1973 1046 2003 1075 et
2042 1041 2250 1086 integraliter

387 1105 583 1141 assignavit.
615 1102 659 1135 lta
690 1102 775 1147 quod
806 1104 908 1147 ipsius
937 1102 1049 1135 altaris
1079 1106 1191 1135 rector
1212 1101 1380 1147 predictus
1410 1107 1439 1135 et
1470 1105 1519 1136 sui
1549 1114 1766 1136 successores
1796 1114 1856 1148 pro
1886 1107 2036 1148 tempore
2066 1104 2248 1136 existentes

386 1166 554 1209 perpetuis
584 1161 788 1208 temporibus
817 1165 921 1208 ipsum
952 1162 1055 1195 altare
1085 1162 1234 1196 oll'iciare
1264 1166 1295 1195 et
1324 1165 1442 1197 missas
1480 1166 1512 1197 in
1542 1163 1659 1197 eodem
1698 1163 1825 1208 legere.
1855 1167 1952 1209 prout
1989 1163 2167 1197 altissimus
2201 1164 2250 1195 eis

388 1227 610 1269 inspiraverit.
641 1226 702 1256 sint
734 1225 869 1256 astricti.
901 1222 939 1255 Et
971 1222 1102 1268 quidem
1141 1223 1280 1268 singulis
1310 1226 1404 1257 annis
1442 1223 1523 1257 duas
1562 1234 1691 1257 mareas
1729 1234 1939 1269 grossorum,
1970 1223 2125 1269 quamdiu
2163 1222 2248 1256 idem

387 1285 566 1317 domums.
591 1312 597 1317 .
629 1284 800 1317 Saiiderns
830 1286 964 1317 vixerit.
995 1286 1025 1317 in
1056 1286 1127 1329 ipso
1157 1284 1209 1317 die
1245 1288 1277 1317 et
1306 1283 1391 1318 festo
1421 1287 1526 1318 sancti
1554 1284 1716 1318 Jeronimi
1745 1296 1805 1330 pro
1844 1286 2076 1318 anniversario
2114 1293 2250 1317 suorum

386 1349 558 1390 parentum
588 1349 617 1377 et
648 1344 912 1377 benefactorum.
943 1355 981 1377 ac
1010 1347 1168 1390 precipue
1198 1344 1406 1378 dominorum
1427 1344 1615 1378 Wollframi
1645 1344 2057 1389 «te1'21mvicz‚.lolianiiis
2077 1344 2249 1377 Jurentam

386 1410 416 1438 et
447 1408 591 1438 onmium
623 1404 765 1438 fidelium
797 1404 1028 1437 defunctorum
1058 1405 1241 1438 secundum
1271 1405 1546 1439 consuetudinem
1576 1408 1677 1452 ipsius
1705 1405 1848 1440 ecclesie
1879 1404 2111 1439 Olomucensis
2133 1404 2250 1438 distri-

386 1466 533 1499 buendus
562 1477 622 1511 pro
652 1464 926 1499 interessentilnis
955 1465 1079 1509 vigiliis
1108 1470 1182 1511 post
1211 1466 1375 1501 secundas
1405 1477 1567 1512 vesperas
1606 1469 1710 1500 sancti
1739 1465 1913 1500 Michaelis
1943 1470 1975 1499 et
2003 1468 2033 1499 in
2064 1465 2116 1498 die
2145 1466 2250 1498 sancti

385 1526 546 1560 Jeronimi
576 1529 684 1560 missis
714 1525 773 1559 sul)
803 1529 896 1572 penis
926 1530 1121 1559 statutorum
1152 1526 1301 1560 eiusdem
1323 1526 1466 1560 ecclesie
1496 1529 1684 1561 ministrare
1714 1531 1746 1560 et
1775 1526 1911 1561 solvere
1940 1525 2083 1560 debeant
2103 1524 2249 1559 indilate.

385 1587 459 1620 Post
491 1592 631 1620 mortem
663 1598 745 1621 vero
775 1587 898 1620 domini
928 1586 1071 1620 Sanderi
1101 1587 1255 1620 antedicti
1286 1590 1356 1633 ipse
1386 1587 1449 1621 due
1480 1599 1592 1621 marce
1613 1588 1752 1631 singulis
1774 1590 1868 1622 anuis
1888 1590 1959 1633 ipso
1990 1587 2041 1620 die
2070 1589 2121 1620 sui
2142 1585 2250 1619 obitus

384 1659 444 1693 pro
474 1651 706 1681 anniversario
737 1659 808 1681 suo.
839 1652 1012 1693 parentum
1043 1652 1075 1680 et
1104 1647 1358 1681 benefactorum
1386 1659 1522 1682 suorum
1544 1660 1583 1681 ac
1604 1648 1812 1682 dominorum
1834 1648 2015 1681 VVolframi
2036 1652 2068 1681 et
2088 1646 2250 1681 Jobannis

385 1709 608 1754 predictorum
639 1708 737 1742 modo
767 1713 798 1741 et
827 1708 943 1742 ordine
973 1708 1130 1754 predictis
1159 1708 1294 1742 solvere
1324 1713 1509 1743 teneantur.
1540 1709 1711 1755 Disposuit
1732 1712 1836 1743 eciam
1859 1713 1890 1742 et
1911 1708 2075 1742 ordinavit
2097 1707 2249 1741 dominus

387 1769 556 1802 sanderus
586 1769 782 1807 antedictus„
813 1769 899 1814 quod
929 1772 1140 1814 presentacio
1175 1769 1324 1802 eiusdem
1355 1770 1467 1803 altaris
1496 1770 1536 1803 ad
1575 1773 1794 1804 sacristanum
1833 1770 1977 1803 ecclesie
2016 1768 2250 1802 olomucensis

387 1832 440 1873 qui
470 1841 528 1875 pro
559 1834 709 1875 tempore
740 1830 849 1865 fuerit.
880 1834 951 1875 post
983 1833 1123 1863 mortem
1154 1830 1302 1863 eiusdem
1334 1830 1456 1864 domini
1487 1830 1630 1864 Sanderi
1660 1835 1692 1864 et
1720 1829 1917 1875 Engelberti
1947 1829 2058 1864 fratris
2087 1831 2150 1871 sui,
2171 1827 2249 1874 ple-

387 1889 461 1923 bani
492 1894 522 1923 in
550 1890 707 1935 Muglicz.
737 1893 978 1936 imperpetuum
1019 1891 1138 1925 debeat
1175 1894 1356 1937 pertinere,
1387 1894 1430 1924 ita
1469 1891 1555 1937 quod
1591 1894 1662 1937 ipse
1700 1894 1802 1937 possit
1839 1895 1871 1924 et
1908 1889 2028 1924 debeat
2064 1888 2103 1923 ad
2142 1891 2248 1935 ipsum

388 1950 502 1984 altare.
533 1954 668 1996 quocies
698 1951 773 1985 illud
803 1963 949 1985 vaccare
979 1955 1168 1997 contigerit‚
1198 1951 1438 1998 prebendatum
1460 1954 1628 1985 seniorem
1658 1951 1744 1985 dicte
1765 1951 1908 1985 ecclesie
1930 1950 2162 1985 Olomucensis
2182 1959 2248 1982 non

388 2015 475 2044 etate
504 2012 560 2044 sed
593 2015 792 2057 recepcione
822 2015 900 2058 ipsis
930 2012 1098 2046 dominis.
1124 2040 1130 2046 .
1161 2012 1289 2046 decano
1319 2017 1351 2046 et
1380 2012 1522 2058 capitulo
1553 2012 1766 2046 Olomucensi
1796 2016 2005 2058 presentarQ
2026 2013 2080 2056 qui
2106 2010 2247 2044 eundem

389 2074 435 2104 sic
466 2077 689 2116 presentatum
721 2072 759 2105 ad
790 2072 910 2106 dictum
933 2073 1036 2106 altare
1057 2076 1218 2107 investire
1239 2073 1372 2107 valeant
1403 2078 1433 2106 et
1461 2076 1491 2106 in
1513 2076 1583 2106 eius
1603 2075 1853 2118 possessionem
1875 2074 2004 2105 mittere
2025 2071 2248 2116 corporalemq

389 2136 482 2176 prout
522 2135 553 2164 in
591 2133 662 2165 aliis
690 2132 861 2166 beneficiis
900 2133 1048 2167 eiusdem
1088 2133 1232 2167 ecclesie
1270 2138 1465 2167 consuetum
1504 2137 1554 2167 est
1589 2132 1629 2166 ab
1666 2136 1812 2178 antiun
1850 2132 2012 2177 nobisque
2051 2131 2249 2177 supplicavit

389 2191 553 2225 humiliter
583 2196 612 2225 et
643 2192 776 2227 devote.
807 2196 959 2238 quatinus
988 2197 1151 2239 premissa
1181 2198 1277 2238 grata
1316 2198 1348 2227 et
1376 2198 1447 2227 rata
1487 2193 1612 2227 habere
1651 2194 1867 2238 dignaremur
1904 2197 1936 2226 et
1974 2204 2012 2225 ea
2052 2194 2248 2225 auctoritate

389 2252 554 2285 ordinaria
571 2252 781 2287 confirmare,
808 2253 879 2288 Nos
895 2257 995 2298 igitur
1011 2257 1113 2300 ipsius
1133 2255 1255 2288 domini
1277 2254 1420 2288 Sanderi
1440 2253 1742 2300 supplicacionibus
1763 2258 1927 2298 tamquam
1950 2255 2042 2286 iustis
2062 2256 2247 2286 annuentes

388 2312 620 2346 fundacionem
660 2319 690 2347 et
727 2314 935 2348 dotacionem
975 2315 1087 2349 altaris
1124 2316 1263 2361 predicti
1300 2326 1339 2348 ac
1377 2315 1593 2348 tradicionem
1632 2319 1664 2348 et
1701 2317 1969 2359 assignacionem
2008 2316 2248 2359 premissorum

389 2372 549 2406 bonorum
580 2376 639 2418 ipsi
669 2374 762 2407 altari
793 2374 897 2408 factas
926 2387 965 2409 ac
994 2375 1251 2421 disposicionem
1288 2380 1319 2409 et
1356 2375 1605 2409 ordinacionem
1635 2386 1766 2408 necnon
1805 2377 1914 2408 omnia
1953 2374 2014 2407 alia
2052 2378 2081 2407 el
2118 2373 2247 2418 singula

389 2432 429 2465 de
458 2432 564 2466 verbo
593 2434 631 2466 ad
662 2434 814 2468 verbum.
845 2439 877 2468 ut
906 2439 1059 2481 supernis
1089 2441 1341 2482 expressantnr„
1371 2440 1466 2481 grata
1497 2440 1529 2469 et
1557 2440 1626 2469 rata
1657 2434 1818 2469 habentes
1857 2438 1963 2481 ipsum
1993 2435 2096 2468 altare
2126 2434 2247 2467 liuius-

388 2492 475 2525 modi
504 2504 563 2537 pro
593 2494 698 2537 gloria
728 2498 1013 2529 sanctissimorum
1044 2496 1216 2530 doctorum
1247 2497 1285 2530 ad
1326 2497 1488 2531 bonorem
1518 2496 1569 2529 dei
1599 2498 1796 2529 auctoritate
1825 2495 1991 2529 ordinaria
2022 2497 2181 2539 erigimus
2218 2497 2250 2527 et

386 2551 582 2586 beneficium
614 2554 876 2588 ecclesiasticum
908 2556 1061 2590 ammodo
1092 2557 1165 2591 fore
1195 2560 1437 2599 constituimus,
1467 2556 1565 2589 bona.
1588 2567 1720 2599 census,
1742 2555 1890 2589 redditus
1919 2560 1950 2589 et
1979 2555 2105 2589 fructus
2126 2565 2251 2600 supra-

385 2613 490 2646 dictos
521 2616 579 2659 ipsi
610 2614 702 2647 altari
733 2618 998 2660 incorporamus,
1031 2620 1173 2655 unimus„
1203 2621 1460 2651 invisceramus.
1491 2617 1700 2660 adiungimus
1732 2620 1764 2649 et
1795 2618 2063 2661 appropriamus‚
2093 2615 2247 2649 volentes

386 2674 586 2719 peramplius
616 2677 719 2720 ipsum
751 2676 854 2709 altare
885 2676 1148 2711 ecclesiasticum
1179 2681 1312 2712 censeri
1331 2676 1528 2712 heneficium
1551 2681 1580 2710 et
1610 2676 1760 2721 gaudere
1780 2676 1966 2721 privilegiis
1988 2679 2020 2709 et
2039 2674 2245 2708 libert-atibus
