2336 3074
963 230 1030 264 381

70 330 221 365 Cartusie
264 336 294 365 et
339 330 552 366 diffinitorum
597 336 769 367 visitantes
811 336 1038 379 terminosque
1081 335 1189 369 domui
1231 336 1351 380 eidem,
1408 342 1439 370 ut
1486 338 1604 383 religio
1651 344 1764 374 nostra
1815 341 1934 374 melius

68 395 235 433 servetur,
273 397 502 437 competentes
532 394 728 438 diligencius
758 397 988 428 examinantes
1017 406 1077 440 pro
1108 396 1279 430 monachis
1319 397 1441 431 fossata
1479 398 1519 432 ab
1556 400 1710 444 aquilone
1749 405 1781 434 et
1818 406 1930 434 austro

70 451 285 497 fluviumque,
332 452 371 486 ad
415 456 576 487 orientem
614 459 721 487 ortum
757 454 872 488 domus
908 466 966 488 seu
1005 456 1178 500 gardinum
1216 457 1256 490 ab
1295 461 1428 503 antiquo
1468 462 1685 493 terminancia
1723 472 1795 494 cum
1837 472 1932 494 muro

68 514 172 545 eciam
203 516 233 545 et
263 515 366 558 septis
396 518 485 546 retro
517 514 617 547 cellas
648 526 768 548 versus
798 515 984 560 aquilonem
1015 520 1046 549 et
1076 517 1284 551 occidentem
1315 519 1441 552 incluso
1476 524 1586 565 puteo,
1628 533 1746 555 versus
1782 526 1929 556 austrum

68 571 107 604 ad
137 576 266 617 tempus
295 575 422 606 situatis
452 574 668 619 quoadusque
698 575 813 608 domus
844 578 945 609 muris
974 578 1004 609 in
1035 581 1203 621 posterum
1239 578 1302 611 deo
1340 579 1437 613 dante
1475 583 1639 624 cingatur,
1681 584 1734 626 qui
1774 593 1817 615 ex
1856 586 1931 615 tunc

67 642 127 677 pro
157 635 305 666 terminis
334 632 519 667 habeantur
547 645 607 679 pro
636 634 904 680 possessionibus
934 647 1017 669 vero
1047 648 1105 670 seu
1135 641 1377 682 procuracioue
1407 639 1470 673 duo
1501 641 1637 674 miliaria
1673 644 1931 686 circumquaque

67 703 127 738 pro
156 696 383 738 acquisicione
413 705 545 739 quoque
575 695 749 738 bonorum.
779 707 842 740 que
871 695 921 729 bis
950 696 1004 729 vel
1035 701 1084 730 tei·
1114 700 1143 730 in
1165 708 1251 731 anno
1272 704 1470 744 procurator
1491 703 1627 734 visitare
1649 704 1738 735 iussu
1756 730 1762 735 .
1783 729 1788 735 .
1810 705 1931 747 prioris

66 756 198 798 poterit,
229 764 290 787 sex
320 754 457 788 miliaria
488 755 575 789 unde
605 767 735 801 quaque
765 759 923 789 terminos
954 756 1185 802 deputavimus
1207 762 1237 791 et
1258 758 1467 803 presentibus
1489 760 1685 805 deputamus
1706 762 1929 806 attingendos.

66 812 291 858 Rogantes..
330 815 462 848 domum
502 815 653 850 Cartusie
692 821 774 850 et..
814 816 1009 850 diffinitores
1044 816 1183 859 futuros„
1232 823 1394 863 quatenus
1441 820 1576 853 eosdem
1618 824 1776 855 terminos
1814 822 1931 855 domus

67 874 255 919 supradicte
293 886 330 908 se
368 875 608 909 subscribendo
646 881 677 910 et
715 876 885 911 nobiscum
923 877 1098 921 sigillando
1128 878 1229 912 velint
1269 879 1479 913 confirmare.
1524 880 1643 914 Datum
1683 893 1769 915 anno
1808 882 1929 915 domini

68 931 118 966 M⁰
155 932 256 967 CCC⁰
290 934 415 969 LXXX
454 939 594 981 septimo
630 940 718 970 circa
755 940 985 971 ascensionem
1022 937 1157 981 domini,
1196 942 1318 972 nostris
1356 939 1416 973 sub
1452 943 1590 985 signetis
1630 942 1839 986 presentibus
1879 942 1930 976 hic

67 997 234 1039 appensis,
266 995 503 1041 Appi-obantes
532 1008 682 1030 rasuram
714 999 744 1030 in
774 997 902 1030 decima
932 997 1016 1031 linea
1047 1001 1257 1043 presencium
1288 999 1408 1033 factum
1441 1000 1500 1033 suh
1531 1001 1674 1034 dictione
1704 1013 1781 1035 sex
1812 1014 1929 1036 errore

25 1068 29 1072 ·
68 1064 133 1087 non
163 1054 292 1088 fraude.

378 1126 545 1160 (Bcigefngt
570 1127 604 1151 ist
634 1127 731 1160 Obigffl·
756 1127 892 1153 Urkunde
922 1127 965 1152 die
993 1128 1336 1162 Bestattigungsklausel:
1368 1130 1404 1155 Et
1436 1140 1486 1155 uos
1518 1130 1620 1156 fratrs-s
1648 1131 1821 1157 Cristoforus
1852 1133 1928 1166 prior

481 1177 611 1203 Cartusie
645 1179 786 1212 ceterique
818 1178 987 1204 diffinitores
1020 1179 1137 1213 capituli
1161 1180 1303 1213 generalis
1328 1181 1434 1206 ordinis
1459 1181 1653 1208 cartusiensis
1678 1182 1877 1209 confirmamus
1902 1189 1929 1209 et

480 1229 680 1262 approbamus,
714 1230 817 1254 Datum
844 1231 871 1254 in
897 1230 979 1255 domo
1003 1231 1095 1256 sancti
1119 1231 1261 1257 ¹Iohannis
1286 1232 1319 1257 de
1345 1232 1420 1258 Seitz
1445 1242 1519 1258 anno
1545 1233 1651 1259 domiui
1676 1234 1927 1261 MCCCXCVIIIO

479 1281 523 1306 die
548 1278 634 1306 V111⁰
658 1282 762 1306 mensis
786 1281 856 1314 Maji
880 1282 995 1307 sedente
1019 1285 1115 1307 nostro
1140 1283 1265 1316 capitulo
1289 1284 1415 1315 generali
1440 1293 1502 1309 cuin
1525 1286 1698 1319 appensione
1726 1287 1812 1320 sigilli
1831 1287 1930 1312 (lomus

479 1332 609 1357 cartusie
634 1333 660 1357 in
686 1333 877 1358 testiinonium
901 1333 1110 1366 premissorum.
1134 1349 1178 1354 -—
1201 1334 1278 1368 Orig.
1304 1335 1384 1368 Pei-g.
1417 1336 1433 1360 3
1460 1336 1486 1360 h.
1511 1337 1647 1362 verletzte
1665 1337 1722 1368 Sig.
1740 1338 1776 1362 im
1802 1339 1925 1363 Archive

479 1384 528 1409 des
552 1384 646 1409 Klost,
670 1384 817 1417 Raigern.)

947 1521 1052 1555 4:31.

68 1621 246 1666 Siqmmnl,
286 1622 401 1666 11'6122'9
437 1634 503 1656 ron
545 1622 698 1667 Unqarn,
737 1625 821 1669 tre’fft
855 1625 931 1657 eine
966 1617 1212 1668 Ubereinlfmzft
1248 1627 1305 1658 mil
1341 1627 1403 1659 deu
1446 1626 1659 1660 maht-iselam}
1702 1627 1928 1673 Marlfyrafen

196 1682 309 1716 ,Joclols
338 1683 406 1716 med
433 1682 568 1727 Prohop
598 1683 773 1727 bez-iiqlich
804 1684 866 1717 cler
894 1695 958 1717 ron
989 1684 1088 1717 e'lmen
1120 1686 1152 1717 in
1187 1684 1326 1729 Unqarn
1357 1685 1530 1720 besetz-ten
1564 1687 1787 1722 Tem-ilonea.

703 1743 760 1776 Dt.
793 1743 955 1788 Semplhe
987 1743 1044 1778 16.
1077 1745 1152 1778 Mae·
1181 1744 1291 1779 1387.

222 1817 310 1872 Nos
353 1838 587 1883 sigismundus
630 1839 682 1872 dei
723 1842 838 1883 gracia
885 1839 1056 1883 Hungarie
1094 1839 1266 1873 Dalmacie
1313 1839 1453 1874 Croacie
1497 1841 1602 1876 Rame
1641 1843 1762 1877 Servie
1802 1844 1929 1878 Galicie

70 1899 268 1933 Lodomerie
314 1897 474 1932 Comanie
513 1897 738 1943 Bulgarieque
775 1910 849 1933 rex.
894 1898 1041 1932 marchio
1088 1899 1448 1945 Brandemburgensise
1492 1906 1579 1936 sacri
1617 1902 1758 1938 Romani
1796 1904 1928 1950 Imperii

68 1959 370 1993 archicamerarius
399 1963 496 2003 atque
525 1957 663 1992 Bocmie
693 1963 725 1992 et
752 1958 1078 2003 Luczemburgensis
1108 1959 1219 2003 heres,
1259 1965 1371 1994 notum
1401 1961 1541 1995 facimus
1570 1967 1687 1997 tenore
1716 1968 1926 2009 presencium

67 2022 246 2054 universis.
278 2018 372 2060 Quod
403 2022 476 2063 quia
507 2023 580 2064 post
610 2018 741 2052 felicem
762 2023 909 2053 nostram
939 2022 1197 2053 coronacionem
1227 2025 1416 2066 susceptam
1437 2022 1591 2056 volentes
1621 2024 1763 2057 comodo
1784 2029 1815 2058 et
1840 2024 1928 2058 bono

67 2082 164 2113 statui
193 2082 290 2124 regni
309 2082 414 2113 nostri
435 2078 607 2123 Hungarie
628 2083 690 2112 etc.
713 2089 773 2124 pro
795 2078 923 2112 honore
943 2084 1058 2113 sancte
1087 2090 1214 2113 corone
1243 2084 1275 2113 et
1302 2081 1440 2114 utilitate
1460 2085 1557 2127 regni
1578 2083 1725 2117 eiusdem
1755 2085 1928 2118 intendere

67 2144 99 2173 et
127 2140 293 2173 reducere
322 2142 430 2173 omnia
460 2139 635 2172 incomoda
666 2139 742 2172 dicti
771 2142 867 2183 regni
897 2142 1001 2173 nostri
1030 2140 1070 2172 ad
1100 2144 1217 2173 statum
1247 2140 1420 2186 pacificum
1451 2147 1480 2175 et
1511 2146 1667 2187 quietum.
1704 2155 1804 2189 super
1833 2144 1927 2178 sactis

66 2202 189 2234 nostris
218 2203 303 2233 inter
331 2211 392 2233 nos
427 2198 468 2232 ab
505 2210 568 2232 una
607 2203 636 2232 et
667 2199 812 2232 illustres
850 2201 1017 2244 principes
1046 2199 1197 2234 dominos
1226 2200 1388 2235 Jodocum
1419 2206 1449 2235 et
1484 2202 1680 2248 Procopium
1718 2204 1927 2238 marchiones

66 2259 232 2302 Moravie,
261 2264 397 2305 patruos
418 2264 551 2293 nostros
571 2261 775 2301 carissimoS‚
805 2263 899 2304 parte
920 2258 960 2292 ab
983 2259 1086 2292 altera
1106 2260 1326 2299 vertentibus,
1357 2264 1531 2295 terminum
1553 2263 1732 2307 specialem
1754 2263 1927 2298 habuimus

66 2331 140 2353 cum
170 2319 306 2353 eisdem.
337 2320 371 2353 In
403 2331 467 2365 quo
496 2319 627 2365 quidem
659 2321 799 2352 termino
829 2329 908 2352 sana
937 2318 1109 2364 prehabita
1140 2319 1387 2354 deliberacione
1417 2332 1455 2354 ac
1485 2322 1687 2367 prelatorum
1709 2328 1739 2356 et
1766 2323 1926 2358 baronum

66 2384 255 2414 nostrorum
295 2380 477 2413 accedente
514 2379 653 2414 consilio
692 2384 723 2414 et
758 2390 923 2413 consensu
962 2379 1044 2412 tales
1080 2379 1295 2413 condiciones
1325 2385 1357 2413 et
1394 2382 1558 2426 speciales
1588 2383 1820 2417 ordinaciones
1852 2395 1925 2418 cum

65 2439 203 2485 prefatis
233 2439 373 2473 dominis
402 2439 649 2474 marchionibus
679 2440 819 2474 fecimus
848 2444 879 2473 et
908 2439 1136 2473 ordinavimus
1165 2442 1197 2472 in
1226 2439 1312 2473 hunc
1343 2440 1486 2474 modum.
1544 2441 1652 2475 Primo
1683 2444 1768 2488 quod
1804 2444 1927 2478 domini

65 2499 277 2534 marchiones
306 2500 446 2545 predicti
475 2505 645 2535 assumunt
675 2505 705 2534 et
735 2502 926 2546 promittunt
948 2501 1059 2532 omnio
1088 2503 1209 2532 eastra.
1240 2502 1404 2534 civitates.
1436 2505 1554 2535 terras.
1586 2502 1682 2547 opida
1713 2507 1743 2536 et
1764 2503 1861 2537 villas
1886 2505 1925 2538 ad

66 2570 225 2593 coronam
255 2563 351 2604 regni
389 2564 494 2594 nostri
522 2561 695 2605 Hungarie
734 2562 936 2606 spectant-im
976 2569 1038 2603 que
1074 2561 1105 2591 in
1143 2553 1293 2593 manibus
1327 2563 1473 2605 ipsorum
1509 2564 1652 2595 existunt
1683 2567 1714 2596 et
1744 2574 1804 2608 pro
1840 2575 1926 2598 nunc

68 2624 194 2663 tenent,
233 2620 306 2653 dum
345 2625 375 2654 et
414 2621 544 2666 quando
583 2631 644 2654 nos
680 2619 720 2654 ab
757 2622 836 2666 ipsis
870 2619 1037 2653 redimere
1075 2618 1291 2662 voluerimus3
1332 2620 1448 2653 eadem
1478 2621 1658 2655 secundum
1699 2626 1925 2658 continencias

68 2680 249 2714 litterarum
280 2682 366 2714 inter
393 2691 454 2715 nos
484 2685 515 2714 et
543 2683 633 2726 ipsos
672 2680 823 2714 dominos
862 2679 1072 2713 marchiones
1110 2681 1200 2724 prius
1230 2684 1456 2713 emanatarum
1487 2680 1590 2714 libere
1620 2687 1649 2715 et
1679 2682 1816 2728 pacifice
1855 2687 1925 2717 sine
