2336 3074
1228 205 1301 240 49¹2

334 319 463 352 idoneo.
494 319 546 361 qui
577 321 622 348 est
656 315 772 348 habilis
811 319 840 348 et
872 314 1010 348 idoneus
1039 316 1118 359 ipsis
1147 311 1276 347 civibus
1306 317 1337 345 et
1367 316 1502 347 civitati.
1560 313 1594 347 lu
1624 324 1764 359 quorum
1795 316 2017 348 testiinonium
2047 317 2195 347 nostruin

332 379 472 416 >millum
504 388 564 409 una
595 387 668 409 cuni
698 375 807 419 sigillo
837 375 913 409 dieti
943 375 1074 421 capituli
1105 376 1209 408 nostri
1240 373 1473 407 (lloniucensis
1502 373 1721 420 praesentibus
1754 378 1829 408 sunt
1858 385 2016 420 appensa.
2075 373 2196 408 Actum

332 444 360 471 et
393 439 500 471 datum
541 441 571 470 in
602 441 713 470 castro
752 440 866 469 nostro
896 435 1038 473 Moraw,
1077 446 1163 468 anno
1203 434 1325 468 domini
1365 434 1538 469 millesimo
1568 437 1804 469 trecentesimo
1834 437 2064 479 octuagesimo
2099 445 2198 477 nonin

333 503 399 544 ipsu
430 498 480 531 ‹liv
511 503 539 531 et
571 497 656 531 sesto
685 500 789 531 sancti
819 496 966 530 Andreae
994 495 1135 542 apostoli
1164 495 1314 540 gloriosi.
1346 495 1567 529 l'raesentibus
1596 495 1846 530 honorabilibus
1875 500 1907 529 et
1935 495 2088 530 discretis
2117 497 2198 529 viris

331 560 470 592 dominis
501 561 661 601 magistro
682 557 835 591 Snndero
855 556 1092 590 archidiacono
1114 556 1329 590 l‘reroviensi
1358 560 1388 589 et
1419 558 1581 590 canonico
1611 556 1764 590 ecclesiae
1785 555 2030 599 Olomueensis,
2051 555 2197 589 Ilcnrico

331 620 370 653 ‹h-
403 619 603 653 Fullenstein
633 621 807 664 capitaneo
837 620 1048 664 episcopatus
1079 619 1193 654 nostri,
1224 616 1409 662 llynczone
1439 615 1541 650 Girha
1579 616 1745 651 advocato
1783 619 1814 650 in
1845 615 2034 662 loq-berg,
2068 615 2196 650 Jodoco

331 680 370 713 ‹le
401 679 609 723 xx'‹›1i·slwrg-.
640 679 798 713 Bruuone
829 678 1022 712 marehallo.
1052 677 1297 711 Bartholonneo
1326 676 1492 710 advocato
1521 679 1552 710 iu
1574 676 1815 723 Ilotzenplaga„
1843 676 1975 710 Joanne
1995 675 2137 723 plebano
2166 678 2197 710 in

333 740 546 785 ΙῖιπιιιιιεΙιιϊξ,Τ
575 745 605 773 et
636 740 821 786 llynczone
850 741 988 774 notariis
1017 741 1139 772 nostris
1169 736 1318 771 lidelibus
1347 741 1380 771 et
1408 748 1504 783 quain
1535 736 1682 783 pluribus
1719 737 1791 772 aliis
1821 737 1958 772 testibus
1988 737 2051 771 lide
2088 737 2197 784 dignis

330 801 368 834 :ul
400 803 561 846 premissa
593 803 733 834 vocatis.

640 879 715 913 (Ans
739 879 788 904 dvi·
807 877 1201 910 l’rivilegion-C«uitii-inari·»n
1220 877 1268 902 iles
1286 877 1358 902 Ulni.
1377 876 1526 902 Bisehofes
1545 876 1701 909 u'olfgang
1717 877 1943 903 Schruttenbach
1962 877 2026 902 duo.
2045 877 2196 908 Kremsier,

748 933 773 957 ti.
802 931 926 955 februar
955 930 1032 955 1713
1059 930 1085 954 1ιι
1111 930 1160 955 der
1186 929 1378 954 ltnui-ek'selwn
1403 928 1569 962 Snnnnlung
1601 937 1627 953 ιι.
1653 929 1734 954 81Ηὶξῖ
1761 928 1796 953 1ιιι
1826 929 1914 953 ιιιέἰΙιι·.
1940 929 2195 959 Laudesaretiivv.i

1232 1083 1338 1118 575.

334 1189 664 1235 Be'selml'Niltolaus
685 1189 809 1233 best-eit
838 1189 892 1222 die
913 1187 1017 1222 Stadt
1038 1187 1190 1221 Bautscle
1223 1198 1296 1221 rom
1317 1186 1513 1230 Heimfalle.
1547 1186 1605 1220 Dt.
1631 1186 1775 1229 Ulmum,
1805 1186 1839 1220 7.
1862 1185 2054 1220 December
2084 1184 2194 1221 1389.

495 1265 539 1319 1ιι
577 1287 711 1319 nomine
750 1284 873 1318 domini
911 1294 1019 1318 amen.
1076 1282 1146 1317 Nos
1176 1282 1334 1317 Nicolaus
1373 1282 1425 1316 dei
1463 1287 1495 1316 et
1523 1282 1706 1328 apostolice
1743 1282 1832 1317 sedis
1869 1285 1983 1328 gracia
2018 1284 2195 1328 episcopus

331 1347 564 1381 Oloniuceusis
593 1345 632 1379 ad
662 1349 857 1392 perpetuam
886 1346 935 1378 rei
965 1346 1161 1378 memoriam
1190 1343 1446 1378 notumfacimus
1475 1347 1592 1377 tenore
1621 1346 1834 1390 presencium
1862 1345 2042 1378 universis.
2098 1342 2138 1377 Et
2168 1346 2195 1377 si

331 1407 571 1441 observancias
601 1411 631 1440 et
662 1405 921 1440 consuetudines
950 1409 1104 1439 servatas
1125 1403 1166 1438 ab
1187 1407 1320 1450 antiquo
1341 1416 1402 1451 pro
1422 1404 1598 1439 commodo
1619 1407 1667 1439 eis
1687 1407 1854 1438 utenciuin
1876 1407 1993 1438 mutari
2019 1407 2198 1449 contigerit

333 1468 385 1501 vel
416 1471 447 1501 in
477 1467 594 1501 melius
623 1466 814 1504 reformari,
852 1477 919 1500 non
948 1471 999 1500 est
1036 1464 1303 1512 reprehensibile
1337 1465 1396 1500 sed
1436 1467 1554 1499 merito
1592 1465 1905 1509 commendandum,
1944 1476 2018 1499 cum
2050 1452 2127 1509 jura
2164 1469 2197 1499 et

331 1533 450 1562 statuta
480 1530 667 1562 maturitate
696 1527 826 1572 digesta
855 1538 915 1573 pro
945 1527 1102 1573 qualitate
1131 1527 1279 1561 locorum
1310 1530 1342 1560 ct
1371 1537 1591 1572 personarum
1620 1537 1702 1572 sepe
1731 1530 1899 1560 mutentur
1919 1529 1951 1560 ct
1970 1525 2197 1560 reformentur

332 1602 383 1624 eo.
414 1589 500 1634 quod
530 1593 646 1622 natura
676 1599 811 1633 semper
839 1587 1040 1634 deproperat
1070 1598 1177 1621 novas
1207 1587 1309 1621 edere
1338 1586 1464 1621 formas
1495 1591 1527 1621 et
1554 1586 1654 1621 nichil
1683 1589 1724 1621 sit
1752 1589 1783 1620 in
1813 1597 1925 1620 rerum
1950 1591 2080 1630 natura,
2109 1586 2195 1632 quod

332 1653 362 1684 in
392 1661 456 1683 uno
486 1653 572 1683 statu
600 1651 783 1695 persistere
813 1648 924 1682 valeat
953 1652 984 1681 et
1014 1659 1163 1681 manere.
1203 1646 1294 1681 Sane
1323 1647 1444 1681 dudum
1474 1659 1517 1682 ex
1547 1659 1608 1682 usu
1637 1652 1669 1682 et
1697 1647 1939 1682 consuetudine
1973 1646 2196 1682 observancia

334 1715 363 1744 et
389 1712 466 1754 jure
496 1715 586 1743 terre
616 1709 837 1743 introductum
867 1708 925 1742 fuit
955 1713 987 1742 et
1016 1711 1122 1742 eciam
1152 1707 1368 1742 observatum
1405 1711 1437 1742 in
1470 1711 1605 1742 civitate
1643 1713 1757 1742 nostra
1795 1707 2012 1751 Budischaw,
2047 1711 2133 1742 sicut
2167 1711 2198 1742 in

332 1771 403 1804 aliis
433 1770 621 1804 civitatibus
651 1774 683 1803 et
711 1770 792 1804 locis
822 1771 1034 1815 episcopatus
1063 1768 1207 1803 ecclesie
1244 1773 1359 1803 nostre
1389 1768 1634 1813 Olomucensis,
1672 1769 1758 1814 quod
1797 1768 1928 1815 quando
1966 1771 2039 1814 quis
2077 1771 2199 1815 incepit

332 1831 501 1874 infirmam
532 1833 585 1876 qui
615 1842 681 1864 non
710 1829 823 1863 habuit
852 1829 997 1864 heredes
1026 1830 1193 1874 legitimos
1222 1829 1276 1863 vel
1306 1832 1333 1864 si
1363 1829 1476 1863 habuit
1504 1834 1535 1863 et
1565 1829 1699 1864 fuerunt
1726 1829 1767 1863 ab
1797 1841 1837 1863 eo
1867 1830 1976 1874 divisi,
2006 1841 2071 1864 non
2095 1832 2199 1875 potuit

332 1892 373 1926 de
402 1891 498 1925 benis
528 1895 558 1924 et
589 1890 688 1924 rebus
718 1893 786 1925 suis
814 1891 931 1935 legare
961 1890 1087 1924 donare
1116 1893 1231 1924 testari
1259 1901 1323 1924 nec
1356 1890 1535 1936 disponere
1573 1901 1634 1936 pro
1669 1901 1727 1924 sua
1766 1890 1878 1924 ultima
1916 1890 2100 1933 voluntate,
2138 1890 2195 1925 sed

334 1956 408 1999 post
446 1956 587 1985 mortem
626 1951 711 1985 bona
749 1962 809 1997 per
846 1954 951 1996 ipsum
991 1951 1150 1985 derelicta
1187 1950 1228 1984 ad
1266 1950 1529 1996 predecessores
1564 1955 1698 1985 nostros
1737 1953 1914 1996 episcopos
1953 1950 2196 1985 Olomucenses

332 2016 515 2047 existentes
545 2023 605 2058 pro
637 2016 799 2058 tempore,
828 2014 989 2057 quociens
1018 2016 1051 2045 ct
1079 2011 1210 2057 quando
1247 2011 1318 2045 talis
1356 2022 1455 2045 casus
1487 2014 1651 2055 evenerit,
1691 2011 1824 2045 fuerunt
1862 2011 1998 2045 realiter
2026 2011 2194 2045 devoluta.

332 2074 371 2108 Et
402 2074 476 2107 licet
507 2073 571 2106 hoe
600 2072 671 2106 aliis
701 2077 837 2118 propter
866 2072 1030 2106 modicum
1061 2073 1188 2106 lucrum
1218 2072 1295 2106 utile
1325 2071 1512 2115 videbatur,
1552 2076 1661 2106 tamen
1699 2083 1744 2106 ex
1779 2083 1820 2106 eo
1849 2072 1948 2105 multa
1987 2072 2196 2106 incommoda

331 2140 363 2169 et
392 2134 539 2180 pericula
568 2132 804 2178 sequebantun
834 2137 931 2179 prout
960 2133 1071 2167 docuit
1101 2135 1316 2179 experiencia
1337 2132 1539 2178 quotidiana‚
1569 2144 1634 2178 que
1654 2143 1766 2166 rerum
1787 2135 1932 2166 omnium
1954 2137 2003 2166 est
2025 2135 2194 2178 magistra.

331 2195 416 2229 Nam
447 2194 537 2228 multi
566 2193 796 2227 halmndantes
825 2193 924 2227 rebus
964 2192 1201 2239 temporalibus
1231 2197 1263 2226 et
1291 2197 1446 2227 carentes
1474 2192 1654 2227 heredibus
1683 2192 1839 2238 legitimis
1869 2193 1944 2226 talia
1978 2192 2194 2227 formidantes

332 2259 533 2301 receperunt
561 2255 735 2288 licenciam
766 2258 797 2287 et
827 2254 866 2287 ad
896 2254 968 2287 loca
999 2253 1207 2287 dominorum
1246 2253 1384 2287 aliorum
1415 2258 1513 2299 atque
1552 2253 1695 2287 dominia
1733 2257 1969 2295 recesserunt;
2008 2253 2060 2287 alii
2098 2264 2193 2287 vero.

332 2319 384 2362 qui
414 2318 564 2361 graciam
593 2314 781 2349 habuerunt
809 2314 950 2348 intrandi
981 2317 1148 2348 civitatem
1179 2314 1219 2348 de
1248 2313 1344 2348 bonis
1380 2314 1507 2358 alienisa
1547 2317 1579 2347 in
1617 2314 1734 2359 quibus
1773 2313 1934 2347 hactenus
1968 2313 2193 2347 morabantur.

332 2377 536 2410 detestantes
579 2375 676 2409 talem
715 2374 1002 2418 consuetffllineni,
1047 2377 1077 2408 in
1114 2377 1181 2408 suis
1216 2375 1298 2408 locis
1336 2379 1587 2417 remanseruntg
1634 2374 1687 2408 alii
1725 2386 1808 2408 vero
1848 2379 2020 2408 manentes
2056 2377 2088 2408 in
2125 2377 2194 2420 ipsa

332 2440 466 2470 civitate
496 2448 547 2479 ea,
577 2448 641 2481 que
670 2434 868 2478 habuerunt‚
905 2439 1181 2480 consumpserunt
1212 2439 1243 2468 et
1272 2435 1549 2480 dilapidaverunt.
1588 2434 1739 2468 nolentes
1769 2435 1855 2480 quod
1887 2435 1927 2469 de
1955 2434 2051 2469 bonis
2081 2445 2194 2468 eorum

331 2502 404 2543 post
435 2501 575 2531 mortem
606 2500 752 2542 ipsorum
783 2495 903 2541 aliquid
934 2500 1123 2529 remaneret
1153 2499 1185 2528 et
1213 2497 1262 2529 sic
1290 2494 1425 2540 quilibet
1454 2506 1519 2528 non
1544 2494 1713 2539 cogitabat
1733 2495 1773 2529 de
1794 2494 1894 2530 rebus
1914 2498 1982 2530 suis
2001 2497 2196 2541 prospicere

332 2569 440 2602 neque
471 2557 587 2591 suturis
617 2556 801 2590 commodis
830 2555 1043 2597 intendebat;
1072 2555 1159 2589 unde
1188 2566 1365 2589 commune
1396 2555 1516 2588 bonum
1546 2557 1577 2588 in
1607 2558 1678 2601 ipsa
1707 2558 1804 2601 periit
1833 2558 1967 2590 civitate
1997 2560 2028 2589 et
2057 2554 2196 2589 finaliter

333 2617 495 2663 vergebat
526 2620 558 2651 in
587 2617 854 2651 destruccionem
885 2619 956 2650 eius
986 2619 1017 2649 in
1047 2615 1223 2661 dampnum
1253 2620 1401 2649 nostrum
1432 2619 1464 2649 et
1501 2618 1603 2661 ipsius
1640 2615 1784 2650 ecclesie
1820 2620 1934 2650 nostre
1964 2615 2195 2650 Olomucensis

333 2678 550 2724 prejudicium
582 2677 801 2711 manifestum.
842 2676 923 2719 Nos,
958 2687 1041 2722 quos
1070 2676 1248 2710 altissimus
1278 2687 1343 2709 non
1381 2678 1502 2710 uostris
1541 2678 1665 2709 meritis
1703 2678 1765 2722 ipsi
1801 2675 2015 2710 Olomucensi
2050 2676 2193 2710 ecclesie
