2336 3074
1005 206 1046 239 91

988 352 1089 386 102.

862 454 972 489 1378.
1004 468 1032 489 c.
1063 454 1097 488 6.
1129 455 1297 488 Febremr.

256 533 481 600 philipus
511 553 560 586 de
590 552 863 598 Swoyanow
892 561 1119 597 supremus
1149 549 1466 584 marschalkus
1496 550 1658 583 domini
1690 549 1961 583 marchionis

98 618 324 661 recognoscit.
355 614 440 660 quod
470 613 556 647 bona
586 624 644 646 sua
674 612 845 646 voluntate
874 623 1014 645 unacum
1044 610 1223 644 heredibus
1246 638 1251 644 .
1277 639 1282 644 .
1307 638 1312 644 .
1335 610 1375 643 de
1396 610 1491 643 bonis
1512 610 1751 655 llostupowicz
1774 637 1779 643 .
1804 639 1809 643 .
1834 637 1840 643 .
1862 609 1961 643 Petro

99 679 261 710 canonico
291 678 410 709 montis
440 677 545 708 sancti
574 673 661 707 Petri
690 676 722 706 in
751 672 885 705 Brunna
908 700 914 706 .
939 700 944 705 .
969 700 974 705 .
998 674 1090 705 ‘mnis
1120 671 1258 715 singulis
1296 675 1370 704 octo
1411 682 1540 703 marcas
1576 681 1771 708 grossorum
1807 681 1961 716 pragen-

98 739 181 770 sium
204 763 210 770 .
235 763 240 769 .
266 763 272 770 .
294 736 374 769 dare
404 739 435 768 et
463 737 641 780 porrigere
670 733 801 767 debebit
832 733 1034 767 omnimodo.

409 814 481 848 (Aus
506 813 555 838 der
578 812 753 847 gedruckten
778 813 909 837 Briinuer
932 810 1086 836 Landtafel
1110 820 1137 844 p.
1164 810 1248 844 136.)

984 956 1001 991 1
1011 956 1087 991 03.

99 1063 237 1107 [scyram
267 1073 329 1095 1·οη
359 1061 539 1095 Pernstee'n
571 1060 730 1105 verlmuft
758 1061 831 1094 dem
860 1060 1001 1093 Islosler
1030 1059 1204 1093 Hmdiseh
1243 1061 1361 1093 seinen
1394 1059 1533 1092 Antheil
1571 1070 1625 1092 am
1655 1058 1767 1102 Dorfe
1798 1050 1957 1091 Zbane'tz.

743 1120 802 1154 Dt.
834 1120 892 1154 10.
924 1120 1083 1154 Febr-aar
1113 1119 1212 1153 1378
1240 1132 1267 1153 s.
1299 1120 1319 1153 l.

252 1198 340 1252 Nos
369 1218 545 1263 Ingramus
574 1217 614 1251 de
644 1216 816 1251 Pernstain
846 1217 926 1250 alias
965 1216 1006 1249 de
1034 1215 1209 1250 Jacohaw.
1240 1215 1408 1262 Philippus
1447 1220 1476 1249 et
1514 1215 1690 1259 Ingramus
1729 1214 1783 1248 filii
1813 1219 1844 1248 et
1881 1214 1962 1248 tituli

98 1279 244 1313 eiusdem
275 1290 349 1312 cum
378 1277 557 1312 heredibus
587 1280 721 1312 nostris.
751 1277 945 1311 venditores
974 1277 1124 1321 legittimi
1154 1281 1184 1310 et
1224 1288 1284 1310 nos
1323 1276 1429 1309 Janco
1467 1277 1507 1309 dc
1545 1275 1782 1318 Taubenstain,
1818 1275 1961 1308 Sifridus

97 1340 137 1374 de
166 1338 339 1374 Pernstain
369 1341 401 1372 in
429 1338 594 1372 Jacobaw
623 1338 786 1379 residens,
816 1337 990 1371 Budislaus
1020 1338 1060 1371 de
1089 1337 1329 1371 Naschmaricz
1360 1341 1389 1370 et
1418 1337 1543 1371 Mixico
1574 1337 1613 1370 de
1634 1338 1798 1382 superiori
1827 1335 1961 1368 Plawcz

97 1411 171 1435 cum
199 1399 380 1433 heredibus
409 1402 532 1433 nostris
561 1398 771 1433 fideiussorio
809 1401 942 1432 nomine
980 1400 1280 1444 compromissores
1317 1397 1511 1431 eorundem.
1549 1397 1805 1430 notumfacimus
1843 1400 1960 1428 tenore

96 1463 306 1507 presencium
337 1463 504 1494 universis
533 1464 598 1493 tam
628 1458 838 1505 presentibus
868 1470 964 1504 quam
994 1458 1121 1492 futuris
1169 1457 1263 1498 Quod
1295 1460 1369 1502 quia
1399 1462 1528 1491 maturo
1558 1459 1740 1490 amicorum
1770 1460 1959 1489 nostrorum

96 1521 207 1555 habito
237 1521 376 1554 consilio
406 1531 445 1553 ac
474 1520 515 1553 de
544 1524 635 1553 certa
665 1524 778 1552 nostra
808 1521 953 1552 sciencia
983 1523 1013 1552 et
1044 1518 1291 1552 deliberacione
1321 1518 1474 1563 prudenti
1506 1517 1677 1563 preliabita
1708 1515 1958 1550 venerabilibus

97 1585 129 1615 et
170 1581 336 1625 religiosis
374 1583 455 1614 viris
493 1580 634 1614 dominis
668 1579 801 1613 Tuardo
840 1578 925 1625 (sic)
960 1578 1070 1612 abbati
1108 1582 1233 1624 totique
1275 1581 1456 1611 conventui
1492 1579 1684 1611 monasterii
1731 1575 1957 1610 Gradicensis.

97 1642 221 1675 ordinis
250 1643 578 1687 premonstratensis.
608 1640 832 1673 olomucensis
862 1640 1006 1674 diocesis
1035 1643 1067 1672 et
1094 1638 1234 1672 Nicolao
1257 1638 1343 1672 dicto
1367 1638 1445 1683 (de)
1466 1637 1574 1671 Nakto
1605 1637 1698 1670 fratri
1729 1637 1806 1670 dicti
1835 1637 1958 1670 domini

96 1701 223 1736 abbatis
252 1712 385 1735 omnem
414 1705 543 1747 partem
571 1700 650 1734 ville
679 1705 793 1734 nostre
823 1699 966 1746 Spanicz
995 1704 1116 1733 vocate
1147 1710 1221 1733 cum
1250 1699 1347 1745 pleno
1378 1699 1523 1732 dominio
1545 1702 1686 1743 experto
1716 1701 1746 1730 et
1768 1700 1957 1741 inexperto.

97 1762 263 1805 censibus,
288 1762 365 1806 jure
395 1764 561 1795 moneium
582 1765 613 1794 et
633 1761 770 1794 decimis
799 1763 973 1794 vinearum
1003 1771 1075 1793 cum
1105 1760 1257 1793 undecim
1278 1758 1572 1802 la11e1s‚videlicet
1603 1762 1744 1803 quatuor
1773 1757 1811 1791 ad
1834 1759 1959 1790 curiam

95 1823 299 1857 colonariam
329 1821 567 1868 spectantibus,
596 1826 723 1867 septem
754 1832 836 1855 vero
866 1820 1076 1854 censualibus
1107 1826 1137 1854 et
1167 1820 1348 1854 curticulis.
1379 1830 1453 1853 eum
1492 1821 1582 1863 agris
1621 1818 1715 1851 cultis
1754 1822 1784 1851 et
1814 1816 1957 1860 incultis‚

95 1886 265 1930 pomeriis,
294 1882 431 1920 rubetis,
460 1882 665 1925 nemoribus„
694 1884 838 1928 pascuis„
859 1881 1043 1928 paludibus,
1064 1884 1210 1927 piscinis.
1233 1883 1338 1926 aquis,
1360 1890 1519 1925 aquarum
1543 1878 1750 1921 decursibus,
1781 1876 1959 1914 montibus„

97 1943 246 1985 0011111115τ
276 1945 491 1988 pertinenciis
520 1954 560 1976 ac
587 1942 812 1977 usufructibus
841 1945 908 1976 suis
937 1945 1104 1976 universis
1134 1945 1217 1975 intra
1247 1945 1280 1975 et
1318 1945 1414 1975 extra
1444 1940 1555 1974 villam
1594 1936 1727 1972 ubilibet
1756 1937 1887 1971 habitis.
1919 1936 1958 1970 ad

97 2004 236 2038 eandem
266 2003 307 2037 ab
337 2007 471 2048 antiquo
501 2003 739 2049 spectantibus.
769 2014 967 2048 quocunque
995 2002 1161 2036 vocabulo
1198 2001 1304 2035 dictis.
1342 2005 1441 2047 prout
1479 2000 1531 2033 illa
1570 2001 1747 2041 tenuimus
1783 1997 1959 2031 habuimus

97 2069 128 2098 et
155 2065 366 2110 possedimus
394 2063 579 2109 hucusque,
608 2063 711 2097 veluti
741 2066 846 2096 eciam
876 2065 943 2097 suis
972 2062 1138 2103 1111111111115,
1169 2061 1310 2096 metibus
1341 2061 1426 2107 (sic)
1457 2065 1487 2095 et
1517 2059 1658 2105 gadibus
1688 2063 1761 2092 sunt
1791 2059 1957 2100 distincta,

97 2136 156 2171 pro
186 2125 335 2159 ducentis
365 2129 397 2158 et
426 2128 501 2158 octo
530 2126 652 2158 marcis
681 2134 877 2168 grossorum
899 2123 1110 2157 denariorum
1131 2126 1348 2170 pragensium
1370 2124 1533 2156 moravici
1554 2123 1682 2154 numeri
1713 2124 1745 2153 et
1765 2121 1955 2165 pagamenti

96 2185 192 2219 nobis
220 2188 283 2219 iam
314 2189 389 2219 actu
416 2187 611 2228 numeratis‚
641 2185 767 2218 traditis
797 2188 829 2218 et
857 2184 984 2227 solutis,
1014 2187 1087 2228 ritea
1108 2183 1356 2217 racionabiliter
1377 2194 1415 2216 ae
1435 2182 1638 2216 hereditarie
1667 2183 1752 2214 iusto
1774 2181 1958 2225 empcionis

97 2250 129 2279 et
156 2246 366 2280 vendicionis
394 2245 487 2279 titulo
516 2244 726 2279 vendidimus
755 2256 793 2278 ac
822 2244 990 2278 venditam
1020 2247 1230 2289 resignamus
1252 2248 1369 2277 tenore
1391 2245 1615 2289 presenciunn
1646 2239 1958 2274 c‹;›11(lescendentes

95 2305 200 2340 libere
229 2306 269 2340 ad
307 2306 494 2340 huiusmodi
531 2305 731 2340 habendam.
767 2305 955 2348 tenendam,
993 2305 1214 2339 utifruendam
1253 2309 1284 2338 et
1319 2303 1554 2350 possidendam
1593 2301 1730 2348 pacifice
1769 2305 1799 2333 et
1835 2302 1958 2345 quiete.

97 2367 252 2412 nulloque
281 2366 376 2401 nohis
405 2369 437 2400 in
473 2366 590 2400 eadem
628 2370 722 2412 parte
756 2365 835 2399 ville
872 2370 985 2400 nostre
1027 2368 1164 2410 eiusque
1205 2364 1302 2398 bonis
1340 2365 1417 2408 jure
1459 2364 1672 2409 proprietatis
1710 2359 1957 2406 quomodolibet

97 2431 285 2470 reservatQ
315 2431 457 2472 excepta
486 2438 550 2460 una
580 2427 649 2460 sola
679 2426 850 2470 curticula,
872 2437 969 2471 quam
988 2425 1084 2459 nobis
1105 2429 1135 2459 et
1155 2424 1335 2459 heredibus
1355 2427 1478 2458 nostris
1499 2422 1700 2457 hereditarie
1729 2430 1958 2454 reservamus.

98 2486 309 2532 Quapropter
338 2498 399 2521 nos
429 2487 608 2532 supradicti
638 2498 711 2520 cum
741 2485 921 2520 heredibus
950 2489 1072 2519 nostris
1109 2488 1139 2519 in
1179 2485 1319 2519 solidum
1357 2487 1578 2530 promittimus
1614 2481 1673 2516 sub
1710 2484 1853 2526 puritate
1882 2479 1957 2513 fidei

97 2552 211 2581 nostre
250 2550 376 2593 pariter
414 2552 445 2581 et
481 2547 618 2581 honoris
656 2546 716 2580 sub
754 2545 840 2579 hona
877 2549 991 2579 nostra
1029 2545 1092 2579 fide
1131 2545 1257 2579 eisdem
1293 2545 1433 2578 dominis
1468 2543 1576 2577 abbati
1615 2545 1740 2586 totique
1775 2542 1955 2574 conventui

98 2607 217 2641 dictam
246 2611 374 2653 partem
403 2607 482 2641 ville
511 2607 655 2653 Spanicz
685 2610 717 2640 et
745 2606 831 2640 bona
861 2609 892 2639 in
921 2617 958 2639 se
987 2610 1019 2639 et
1047 2605 1192 2651 qualibet
1221 2608 1291 2639 eius
1311 2609 1405 2650 parte
1435 2603 1474 2637 ab
1495 2600 1761 2648 iinpeticionibus
1791 2610 1957 2645 quorum-

98 2666 176 2701 libet
203 2667 373 2701 hominum
403 2670 494 2701 iuxta
522 2670 620 2700 ritum
650 2671 681 2700 et
720 2666 1006 2700 conswetudinem
1045 2670 1133 2699 terre
1168 2665 1322 2700 Moravie
1360 2669 1497 2699 actenus
1533 2661 1747 2708 approbatam
1786 2659 1957 2700 libertare,

1752 2728 1800 2752 1921-

1770 2745 1783 2752 ⁴-
