2336 3074
1185 217 1258 251 55⁴

1754 322 1761 336 r

291 334 411 365 ‹lomini
444 330 615 363 millesimo
647 329 881 360 trecentesimo
911 327 1160 371 septuagesimo
1200 325 1318 369 primo.
1358 322 1544 356 indiccione
1581 334 1679 357 noim.
1718 322 1773 356 lx.
1815 322 1885 356 idus
1923 323 2011 360 Maii.
2059 326 2153 368 regni

293 396 392 426 nostri
424 402 509 423 annu
539 393 672 421 octavo.

618 468 732 492 lusu-sir(
767 476 791 490 ιιι
824 467 867 491 «lei
899 466 1034 490 l'rkuinln·
1069 465 1101 489 Κ.
1131 463 1263 487 wenta-lsi
1300 463 1346 489 lu.
1380 462 1534 497 Karlsbad,
1572 464 1617 489 10.
1642 463 1751 489 «liinner
1781 464 1869 488 1370.
1902 478 1940 482 —
1975 463 2038 490 ΨΜ.
2065 473 2091 492 ιι,
2122 464 2158 489 13

705 520 795 543 illu-svs
823 519 872 543 Xl.
900 518 1019 543 thud-ns.

1204 662 1245 697 8.

297 783 407 816 l’eler.
442 780 589 824 Bis-cleos
614 791 676 812 ron
710 777 901 821 lae’z'loitoysl.
941 775 1078 809 schemis!
1117 776 1174 807 mit
1206 774 1436 817 Zezstimmemq
1474 774 1588 806 seiues
1620 773 1778 817 li'apa'lels
1815 774 1887 806 dem
1920 773 2061 808 lt'loster
2098 774 2160 807 der

381 842 594 884 Aetyetslc'uer
626 839 845 872 (Vrorherren
877 840 908 871 ἱη
941 835 1141 870 1,(ιηι131ιϊυη
1173 835 1236 868 das
1268 834 1365 878 Dors'
1388 833 1529 867 Sti-stez.
1562 832 1620 867 Dt.
1652 833 1711 868 23.
1742 834 1826 868 Jnm'
1855 834 1964 868 1371.
1996 846 2022 868 ε.
2055 834 2075 868 l.

453 917 592 971 Petrus
614 936 664 969 dei
687 940 716 969 et
739 934 920 980 apostolice
941 933 1030 967 sedis
1051 934 1165 977 gracia
1187 933 1364 976 episcopus
1386 929 1672 965 Lutlimnuslensis
1702 930 1956 964 notuinl'acimus
1978 934 2157 968 universis.

295 1002 333 1035 ad
372 1010 454 1045 quos
494 1001 668 1044 presentes
706 998 871 1035 venerum
916 999 980 1027 tam
1021 991 1230 1039 presentibus
1269 1002 1365 1037 quam
1407 991 1534 1024 suturis.
1601 990 1695 1032 Quod
1734 994 1795 1026 etsi
1833 991 1872 1025 ad
1914 995 2161 1035 universorum‚

296 1073 360 1107 que
401 1058 617 1106 spiritualium
661 1067 798 1102 operum
843 1058 1048 1089 concernunt
1092 1052 1277 1099 profectum
1322 1051 1468 1085 humeris
1510 1054 1633 1086 uostris
1676 1063 1719 1086 ex
1763 1055 1866 1086 nostri
1909 1052 2009 1086 officii
2052 1052 2163 1087 debito

298 1119 562 1156 incumbentibus
591 1130 669 1151 cura
701 1117 850 1162 vigilanti
881 1120 910 1149 et
942 1114 1109 1148 indefessa
1139 1112 1361 1147 sollicitudine
1391 1116 1564 1146 teneamur
1593 1112 1778 1156 intendere,
1808 1116 1966 1159 precipue
1990 1118 2101 1147 tamen
2122 1113 2160 1147 ad

297 1195 347 1217 ea.
378 1193 438 1228 per
467 1192 530 1226 quc
559 1180 622 1213 deo
652 1181 779 1212 animas
809 1177 928 1210 lucrari
958 1185 1134 1221 possumus
1164 1185 1202 1207 ac
1232 1185 1296 1219 que
1325 1173 1498 1217 religionis
1527 1176 1746 1219 propaginem
1775 1176 1981 1220 prospiciunt
2008 1176 2163 1208 insistere

298 1249 328 1278 et
359 1247 448 1277 tanto
477 1241 676 1285 vigilancius
706 1241 858 1283 cogimur
887 1239 992 1270 aciem
1022 1239 1136 1269 nostre
1167 1237 1285 1268 mentis
1315 1239 1529 1275 convertere,
1567 1239 1689 1280 quanto
1719 1234 1839 1268 abinde
1868 1239 1942 1280 post
1972 1234 2067 1269 huius
2095 1237 2164 1269 vite

298 1306 475 1339 decursum
513 1301 554 1335 ab
592 1312 633 1334 eo
662 1310 836 1346 speramus
874 1296 1064 1331 mercedem
1100 1298 1266 1341 recipere,
1305 1297 1356 1328 cui
1395 1295 1516 1328 talenta
1555 1295 1651 1328 nobis
1689 1295 1805 1329 tradita
1842 1299 1994 1329 tenemur
2022 1295 2164 1329 reddere

299 1366 474 1411 duplicata.
505 1362 595 1396 Sane
624 1361 845 1397 attendentesq
876 1358 962 1404 quod
992 1360 1024 1391 ιιι
1054 1359 1188 1391 civitate
1218 1360 1330 1388 nostra
1361 1354 1631 1389 Lanczlzronensi
1661 1359 1693 1389 et
1722 1358 1823 1402 ipsius
1852 1356 2001 1390 districtu
2031 1356 2164 1390 domino

300 1429 520 1473 prosperante
551 1422 720 1457 multitudo
750 1423 886 1466 copiosa
917 1419 1060 1452 lidetium
1082 1419 1234 1451 excrevit
1256 1421 1286 1450 et
1307 1427 1465 1450 crescere
1486 1416 1646 1450 altissimo
1666 1421 1833 1450 annuente
1853 1421 2006 1462 speratur
2026 1417 2165 1462 amplius

301 1492 330 1521 in
371 1488 525 1520 futurum.
562 1495 604 1517 ne
643 1481 829 1516 huiusmodi
868 1479 1017 1514 fidelibus
1055 1478 1097 1512 ob
1132 1481 1330 1524 paucitatem
1368 1476 1630 1523 presbiterorum
1667 1481 1803 1523 propter
1840 1480 2022 1511 novitatem
2060 1479 2166 1523 patrie

301 1552 352 1581 aut
384 1547 540 1580 ruralium
570 1544 781 1578 sacerdotnm
820 1541 905 1575 forte
935 1539 1144 1586 simplicitate
1173 1537 1317 1572 salubria
1353 1540 1537 1571 animarum
1574 1538 1680 1572 desint
1718 1537 1867 1581 consilia„
1907 1538 1961 1572 vol
1994 1540 2164 1583 penuriam

302 1607 409 1654 pabuli
440 1609 612 1653 paciantur
647 1603 742 1637 verbi
779 1603 830 1636 dei
866 1606 896 1635 et
927 1612 968 1634 ne
997 1600 1096 1645 aliqui
1125 1610 1292 1645 pauperes
1319 1598 1450 1641 infirmi,
1482 1601 1534 1644 qui
1564 1602 1595 1632 in
1625 1598 1706 1632 locis
1736 1598 1923 1633 huiusmodi
1944 1598 2168 1632 inhumaniter

302 1680 433 1714 quoque
463 1668 673 1701 deseruntur.
718 1662 952 1698 miserabiliter
981 1665 1118 1707 pereant
1150 1659 1191 1693 ob
1220 1662 1488 1693 necessariorum
1519 1659 1699 1703 defectum⁷
1736 1659 1899 1705 quoddam
1930 1662 2167 1693 monasterium

303 1735 377 1763 ante
407 1733 534 1775 portam
566 1727 652 1760 dicte
681 1727 823 1759 civitatis
845 1722 1135 1757 Lanczlzronensis
1156 1720 1195 1754 ad
1225 1720 1355 1753 laudem
1386 1724 1417 1753 et
1446 1719 1586 1764 gloriam
1616 1723 1850 1766 omnipotentis
1879 1720 1931 1753 dei
1961 1725 1991 1753 et
2020 1720 2168 1764 gloriose

303 1792 442 1835 virginis
480 1788 585 1822 Mai-ie
623 1798 753 1820 necnon
792 1784 963 1818 beatorum
1003 1782 1132 1816 Nicolai
1171 1780 1376 1814 confessoris
1415 1786 1446 1814 et
1482 1780 1665 1814 Katherine
1703 1784 1844 1826 virginis
1883 1785 1912 1814 et
1943 1783 2098 1823 martiris,
2137 1782 2168 1813 in

304 1861 442 1897 quorum
479 1849 606 1882 bonore
645 1852 674 1880 et
710 1845 875 1880 vocabulo
914 1845 1035 1878 dictum
1075 1844 1312 1876 monasterium
1353 1846 1384 1875 et
1420 1841 1520 1875 divini
1556 1841 1662 1875 cultus
1691 1846 1905 1886 augmentum
1936 1843 2170 1887 prospeximus

304 1909 581 1945 consecramlum.
620 1911 700 1941 citra
739 1908 1035 1940 consecracionem
1076 1902 1262 1937 huiusmodi
1302 1902 1342 1935 dc
1379 1902 1552 1936 voluntate
1581 1906 1613 1935 et¹
1642 1913 1805 1948 expresso
1844 1912 2010 1935 consensu
2040 1900 2171 1946 capituli

303 1974 407 2006 nostri
447 1969 695 2003 fabricavimus.
735 1967 947 2001 fundavimus
986 1969 1016 1997 et
1055 1966 1302 1997 construximus
1341 1973 1401 2008 pro
1439 1962 1650 2006 regularibus
1689 1965 1858 1996 canonicis
1896 1964 2012 2006 nigris,
2043 1961 2167 1995 ordinis

304 2035 408 2066 sancti
440 2031 618 2076 Augustini
649 2033 680 2062 ct
710 2027 909 2074 pauperibus
939 2026 1076 2059 infirmis
1106 2024 1307 2057 christianis.
1346 2026 1398 2068 qni
1438 2023 1569 2068 quidem
1609 2026 1761 2057 canonici
1799 2023 1973 2067 regulares
2002 2026 2166 2068 potentes7

305 2098 334 2127 ut
367 2103 540 2139 speramus
570 2094 600 2124 in
630 2101 733 2136 opere
762 2088 850 2121 bono
880 2092 909 2121 et
948 2087 1096 2120 doctrina
1137 2085 1298 2117 dictorum
1336 2086 1479 2117 civitatis
1516 2089 1547 2117 et
1586 2083 1753 2118 districtus
1791 2083 1929 2123 incolas.v
1968 2094 2042 2116 cum
2081 2082 2167 2116 aliud

306 2154 539 2198 religiosorum
571 2153 806 2184 monastcrimn
839 2151 869 2181 in
899 2150 947 2180 eis
977 2158 1042 2180 non
1072 2148 1205 2179 existat.
1244 2148 1330 2178 viam
1362 2147 1430 2178 vite
1460 2143 1564 2178 verbo
1602 2146 1767 2177 instruere
1806 2144 1938 2177 valcant
1977 2146 2100 2189 pariter
2138 2147 2171 2177 et

305 2214 480 2260 exemplo3
523 2213 738 2246 advertentes
778 2213 895 2243 eciam.
942 2207 1027 2253 quod
1064 2206 1161 2240 nichil
1196 2209 1367 2251 reputatur
1403 2216 1478 2239 esse
1517 2209 1637 2247 actunn
1680 2203 1734 2237 ubi
1771 2204 1890 2249 aliquid
1934 2208 2087 2249 superest
2129 2203 2167 2238 ad

306 2276 471 2321 agendum
508 2279 538 2307 et
577 2272 663 2318 quod
702 2270 881 2317 spiritualia
918 2272 988 2303 sine
1026 2265 1264 2312 temporalibus
1300 2266 1351 2299 diu
1391 2265 1573 2299 subsistere
1608 2269 1795 2310 nequeunt:
1842 2264 1967 2298 idcirco
2010 2276 2051 2298 ne
2094 2264 2170 2298 dicti

306 2337 455 2381 religiosi
485 2346 501 2367 a
532 2334 644 2367 divino
683 2332 782 2366 cultu.
822 2342 902 2364 sana
933 2330 1081 2362 doctriua
1112 2331 1142 2361 et
1172 2326 1326 2372 exemplo
1357 2325 1444 2359 bono
1474 2326 1636 2360 desistere
1665 2330 1697 2359 et
1726 2336 1890 2371 pauperes
1920 2324 2038 2359 infirmi
2067 2327 2170 2358 cicius

308 2400 406 2431 vitam
438 2395 530 2429 finire
552 2399 604 2427 aut
627 2393 753 2427 diucius
784 2389 1059 2435 inegritmlinilms
1080 2387 1121 2422 ob
1150 2387 1381 2432 temporalium
1404 2389 1639 2420 necessitatum
1661 2385 1812 2419 defectus
1834 2386 1973 2419 detineri
1994 2389 2169 2429 cogantur‚

306 2469 365 2503 pro
404 2468 476 2498 usu,
515 2457 773 2489 sustentaeionc.
813 2454 1014 2485 necessitate
1050 2452 1122 2482 sive
1161 2447 1303 2481 eomodo
1334 2447 1494 2480 dictorum
1525 2446 1759 2490 religiosorum
1790 2449 1820 2479 in
1851 2446 1937 2479 dicto
1967 2448 2170 2479 monasterio

306 2517 579 2551 instituendorum
619 2519 648 2547 et
685 2524 867 2559 pauperum
909 2510 1111 2544 infirmorum
1154 2508 1420 2554 recipiendorum
1456 2506 1576 2540 ibidem
1619 2518 1657 2540 ac
1695 2506 1780 2540 dicto
1817 2509 2020 2539 monasterio
2058 2505 2170 2539 villam

306 2583 452 2611 nostram
476 2577 664 2621 Sti-zyetez.
696 2585 792 2619 quam
823 2577 936 2606 nostra
967 2573 1099 2617 propria
1129 2571 1269 2615 pecunia
1301 2579 1318 2600 a
1349 2568 1410 2601 deo
1441 2567 1535 2601 nobis
1565 2567 1683 2601 collata
1704 2578 1721 2599 a
1744 2566 1921 2600 Jurzicone
1944 2566 1984 2599 de
2005 2565 2170 2599 Paczkaw

307 2642 544 2684 comparatam.
577 2640 606 2669 in
637 2647 699 2680 qua
730 2646 790 2667 nos
821 2638 849 2666 et
881 2632 1024 2665 ecclesia
1055 2642 1113 2663 sen
1144 2640 1257 2663 mensa
1289 2633 1400 2661 nostra
1431 2639 1493 2660 sex
1521 2639 1713 2672 sexagenas
1734 2638 1930 2672 grossorum
1953 2626 2171 2671 Pragensium

306 2700 516 2732 denariorum
557 2699 654 2729 annui
694 2706 813 2728 census
849 2692 1004 2727 habuisse
1042 2691 1234 2724 dinoscitur.
1284 2689 1357 2722 loeo
1396 2699 1533 2733 quarum
1573 2699 1632 2721 seu
1671 2691 1701 2721 in
1741 2698 1878 2733 quarum
1915 2697 2171 2732 recompensam
