2336 3074
1019 187 1063 221 81

112 302 155 325 ne
183 294 288 337 possit
316 293 347 324 in
377 294 425 325 eis
455 291 585 324 divinus
614 291 720 324 cultus
749 296 781 324 et
810 292 981 337 disciplina
1011 292 1136 325 ordinis
1167 292 1329 337 impediri.
1351 292 1499 336 diligenti
1530 297 1605 325 ante
1627 295 1736 326 omnia
1759 295 1976 337 inquisicione

111 354 274 398 premissa
304 356 336 385 et
364 351 511 396 legitima
540 351 745 397 probacione
774 357 909 397 recepta
939 357 1031 385 certe
1061 352 1181 386 fuimus
1210 356 1341 386 cercius
1362 352 1542 396 informati„
1563 355 1724 398 premissa
1747 363 1860 386 coram
1881 352 1976 386 nobis

111 415 282 458 proposita
311 423 394 446 vera
424 423 500 446 csse
530 417 563 446 ct
591 411 633 445 ob
663 411 726 445 hoc
756 412 1038 458 supplicacionem
1074 415 1219 458 ipsorum
1259 424 1300 445 ex
1331 416 1502 458 premissis
1541 417 1570 445 et
1611 413 1681 446 aliis
1721 412 1977 446 racionabilibus

114 475 223 506 causis
252 474 396 505 animum
426 477 576 506 nostrum
606 471 818 506 moventibus
847 484 911 506 non
947 472 1052 505 solum
1084 472 1320 506 racionabitem
1361 478 1391 506 et
1431 473 1541 506 utilem
1581 473 1639 506 sed
1679 478 1709 506 et
1748 476 1975 507 necessariam

114 532 325 569 arbitrantes.
354 532 466 566 habito
495 532 675 578 superbis
713 544 786 566 cum
816 532 1066 567 honorabilibus
1103 536 1185 566 viris
1223 532 1379 566 fratribus
1418 537 1539 566 nostris
1582 538 1613 566 et
1652 534 1794 579 capitulo
1833 533 1978 567 ecclesie

112 597 227 627 nostre
269 592 545 627 Luthomislensis
588 592 800 637 diligentibus
843 598 875 627 et
919 596 1031 639 sepius
1070 596 1195 626 iteratis
1235 593 1426 626 tractatibus
1465 597 1653 638 ceterisque
1691 593 1976 639 solempnitatilnis

114 653 302 687 observatis
332 656 363 687 in
391 656 575 699 premissis,
605 653 646 687 dc
675 654 900 699 predictorum
930 653 1069 687 fratrum
1108 658 1297 687 nostrorum
1327 664 1490 698 expresso
1521 665 1688 687 consensu
1717 654 1755 686 ad
1787 654 1914 687 laudem
1945 658 1976 687 et

112 714 252 759 gloriam
283 714 336 747 dei
364 716 599 759 omnipotentis
629 718 659 747 et
697 713 738 747 ob
768 716 1000 747 reverenciam
1039 713 1231 747 beatissime
1261 716 1401 757 virginis
1430 713 1536 746 Mai-ie
1575 717 1688 746 matris
1723 717 1805 747 eius.
1836 719 1976 759 patrone

111 777 342 820 prenominate
371 774 515 807 ecclesie
544 773 745 819 parochialis
775 777 806 807 in
835 773 1054 807 Lanczkrona
1086 777 1259 819 tociusque
1289 776 1380 807 curie
1410 774 1543 807 celestis
1573 774 1613 806 ad
1634 779 1847 818 augmentum
1870 775 1975 807 cultus

113 835 227 871 divini.
257 834 479 880 supradictam
518 834 695 868 ecclesiam
734 835 959 880 parochialem
990 837 1020 867 in
1059 833 1276 868 Lanezkrona
1317 845 1390 867 cum
1421 833 1572 867 omnibus
1597 833 1740 877 juribus
1771 833 1975 867 libertatibus

113 900 144 929 et
172 897 388 940 pertinenciis
417 898 484 928 suis
514 898 681 928 universis
711 899 775 928 tam
805 895 1016 941 presentibus
1045 906 1142 940 quam
1172 895 1289 927 futuris
1320 897 1550 939 premnninato
1590 896 1791 927 monasterio
1831 897 1974 927 canoni-

113 967 227 990 corum
263 956 467 1000 regularium
506 959 537 989 in
576 955 792 990 Lanczlzrona
832 956 960 989 meliori
998 955 1095 989 modo
1138 959 1167 988 et
1205 954 1323 997 forma„
1366 952 1484 999 quibus
1526 965 1713 999 possumus.
1757 957 1974 987 annectimus.

113 1019 377 1062 appropriamus,
421 1019 685 1062 incorporamus,
724 1019 853 1050 unimus
892 1021 923 1049 et
961 1018 1083 1049 unione
1121 1020 1279 1061 perpetua
1319 1018 1551 1059 coniungimus
1589 1017 1758 1060 ipsamque
1797 1015 1973 1048 ecclesiam

111 1076 338 1122 parochialem
368 1080 399 1110 in
428 1076 645 1110 Lanczkrona
676 1081 707 1110 et
732 1078 787 1121 jus
817 1081 847 1110 et
877 1079 1116 1122 proprietatem
1146 1077 1339 1109 monasterii
1369 1075 1530 1120 sepedicti
1560 1075 1790 1108 transferimus
1820 1079 1852 1108 et
1873 1079 1973 1108 totum

108 1138 162 1181 jus
191 1140 293 1182 ipsius
323 1137 466 1171 ecclesie
495 1140 528 1170 in
557 1149 753 1183 quacunque
784 1137 1035 1181 jurisdiccione,
1072 1136 1212 1179 honore7
1250 1135 1402 1169 libertate
1436 1138 1629 1177 consistant,
1667 1138 1697 1168 in
1736 1138 1972 1168 monasterium

111 1200 216 1242 ipsum
246 1197 506 1231 transfundimus
535 1202 567 1231 et
595 1209 671 1231 esse
700 1198 854 1232 volumus
890 1200 1055 1243 presentis
1093 1200 1206 1243 scripti
1235 1199 1457 1230 annotacione
1487 1196 1687 1229 transfusam
1713 1195 1843 1240 juribus
1873 1195 1974 1240 lega-

111 1261 231 1300 torum,
260 1260 477 1291 nuncciorum
508 1258 630 1291 domiui
659 1269 744 1304 pape
773 1263 805 1291 et
833 1263 950 1292 sancte
979 1258 1068 1292 sedis
1097 1257 1280 1303 apostolice
1309 1260 1432 1290 nostris
1462 1261 1493 1290 et
1514 1268 1747 1290 successorum
1769 1261 1971 1289 nostrorum.

111 1320 165 1362 qui
193 1328 253 1363 pro
283 1322 434 1363 tempore
463 1318 597 1361 fuerint7
628 1323 658 1351 et
688 1319 828 1352 aliorum
858 1321 1015 1356 omuiunu
1046 1329 1184 1363 quorum
1215 1320 1354 1350 interest
1392 1322 1422 1350 et
1459 1319 1607 1350 intererit
1646 1316 1848 1361 quomolibet
1887 1316 1973 1361 [sic]

110 1380 142 1411 in
170 1378 315 1412 futurum
344 1378 383 1411 ad
412 1383 586 1424 utramque
613 1379 724 1423 legem
755 1382 786 1412 in
821 1379 974 1413 omnibus
1003 1383 1034 1412 et
1062 1390 1122 1424 per
1152 1381 1261 1411 omnia
1290 1389 1424 1423 semper
1461 1378 1563 1411 salvis
1593 1377 1744 1411 omnibus
1775 1381 1804 1410 et
1835 1377 1973 1420 singulis

109 1449 170 1484 per
189 1441 514 1484 incorporacionem,
531 1442 841 1485 appropriacionem
866 1444 896 1472 et
917 1442 1073 1472 unionem
1094 1443 1225 1472 nostras
1246 1443 1421 1484 presentes
1438 1438 1558 1471 nullum
1581 1437 1797 1483 prejudicium
1818 1437 1972 1470 volumus

109 1510 267 1544 granare.
298 1499 344 1532 Ita
375 1504 497 1543 tamen,
527 1500 613 1545 quod
643 1500 784 1533 cedente
813 1505 866 1533 aut
897 1499 1080 1533 decedente
1110 1498 1247 1532 Andrea
1278 1503 1411 1531 rectore
1441 1500 1541 1543 ipsius
1579 1497 1733 1531 ecclesie.
1765 1496 1857 1542 [qui]
1884 1508 1971 1529 nunc

110 1563 171 1601 θεῖ,
200 1559 297 1593 liceat
326 1563 565 1605 prenominatis
601 1560 746 1594 Henrico
776 1563 946 1605 preposito
981 1564 1012 1592 et
1042 1562 1223 1592 conventui
1259 1561 1451 1592 monasterii
1481 1561 1512 1591 in
1541 1557 1770 1600 Lanczkronaf
1801 1561 1854 1602 qui
1884 1568 1970 1590 nunc

109 1624 243 1653 suntet
279 1620 533 1654 successoribus
571 1623 730 1666 ipsorum,
761 1624 815 1665 qui
853 1624 947 1653 erant
985 1619 1070 1665 (sic)
1108 1631 1167 1664 pro
1207 1623 1370 1664 tempore,
1408 1618 1618 1664 corporalem
1655 1621 1903 1663 possessionem
1939 1621 1971 1650 et

109 1684 255 1713 tenutam
285 1681 434 1714 ciusdem
472 1680 673 1726 parochialis
712 1681 855 1714 ecclesie
890 1684 921 1714 in
958 1679 1175 1714 Lanczkrona
1206 1680 1328 1723 jurium
1368 1683 1398 1712 et
1437 1681 1715 1724 pertinenciarum
1754 1681 1900 1711 omnium
1939 1681 1971 1710 et

108 1740 314 1784 singulorum
344 1745 556 1786 presencium
586 1745 618 1774 et
637 1741 821 1774 futurorum
844 1740 1098 1786 apprehendere
1118 1743 1240 1773 virtute
1260 1742 1471 1785 presencium
1492 1744 1523 1772 et
1543 1742 1574 1772 in
1595 1743 1789 1784 perpetuum
1811 1740 1968 1771 retinere.

109 1800 177 1834 Sed
206 1812 303 1846 quam
333 1804 474 1847 primum
503 1813 604 1847 supra
634 1802 791 1847 descripti
819 1801 984 1835 Henricus
1005 1803 1194 1846 prepositus
1215 1804 1246 1833 et
1267 1804 1454 1833 conventus
1475 1802 1668 1832 monasterii
1697 1802 1728 1831 in
1750 1797 1968 1831 Lanczkrona

109 1867 164 1896 aut
192 1865 339 1907 ipsorum
369 1873 599 1906 successores7
629 1865 683 1907 qui
713 1867 808 1895 erunt
836 1873 896 1907 pro
927 1866 1089 1907 tempore,
1119 1861 1262 1894 ecclesie
1291 1859 1493 1905 parochialis
1514 1864 1628 1892 sancte
1648 1858 1754 1893 Marte
1784 1862 1815 1892 in
1835 1858 1969 1892 Lancz—

107 1922 214 1956 krona
243 1923 413 1968 sepedicte
442 1927 691 1968 possessionem
721 1927 752 1957 et
782 1927 928 1956 tenutam
956 1921 1094 1968 pacifice
1124 1920 1319 1955 obtinebunt
1347 1920 1466 1954 fuerint
1498 1919 1551 1965 [5²]
1582 1919 1817 1961 cum'elfectu,
1847 1923 1969 1951 extunc

106 1982 273 2017 Henricus
301 1986 502 2029 prepositus⁷
534 1987 587 2029 qui
616 1995 703 2017 nunc
732 1988 793 2026 est,
824 1987 854 2016 et
884 1994 1102 2017 successores
1131 1984 1320 2027 ipsius7q1u
1350 1985 1445 2014 erunt
1474 1985 1645 2026 perempte
1675 1991 1735 2025 pro
1765 1984 1916 2024 tempore
1938 1983 1970 2011 et

108 2042 204 2076 nohis
233 2047 264 2076 et
293 2043 547 2077 successoribus
575 2047 710 2077 nostris.
742 2047 795 2088 qui
834 2048 928 2076 erunt
958 2054 1018 2089 pro
1047 2047 1211 2088 tempore,
1241 2052 1355 2075 curam
1385 2044 1567 2074 animarum
1605 2040 1710 2085 plebis
1749 2044 1779 2072 et
1809 2039 1969 2085 parochie

109 2103 194 2137 dicte
222 2103 424 2150 parochialis
462 2104 606 2138 ecclesie
641 2107 672 2138 in
703 2103 931 2146 Lanczkr0na‚
961 2106 1254 2148 quocienscunque
1290 2113 1362 2135 eam
1392 2112 1515 2134 vacare
1552 2103 1763 2145 contingerit.
1794 2103 1970 2133 teneantur

108 2167 273 2209 recipere.
303 2165 391 2198 Aeta
420 2169 494 2198 sunt
532 2164 594 2198 hec
630 2164 840 2210 presenthus
879 2162 1129 2197 honorabIlibus
1165 2164 1246 2195 viris
1285 2161 1425 2194 dominis
1461 2160 1600 2194 Nicolao
1637 2160 1677 2193 de
1713 2159 1841 2205 Gyczin
1877 2161 1968 2192 curie

107 2229 222 2258 nostre
260 2224 391 2258 officiali
429 2225 746 2270 Magdeburgensis
776 2224 981 2258 wenceslao
1019 2223 1212 2267 Pragensis,
1250 2221 1392 2255 Artlebo
1432 2220 1664 2254 Olomucensis
1702 2224 1732 2252 et
1762 2218 1968 2252 wenceslao

107 2284 360 2331 Ratisponensis
390 2286 608 2319 ecclesiarum
638 2287 807 2318 canonicis
837 2283 1052 2317 familiaribus
1090 2287 1122 2316 et
1151 2282 1222 2315 aliis
1251 2292 1347 2326 quain
1377 2280 1524 2326 pluribus
1554 2279 1728 2324 fidedignis
1757 2281 1966 2324 presencium

107 2350 140 2379 et
167 2345 227 2379 sub
256 2349 461 2391 appensione
489 2346 673 2390 sigillorum
704 2349 893 2379 nostrorum
923 2345 1112 2377 testimonio
1140 2342 1322 2375 literarum.
1353 2341 1475 2374 Actum
1497 2344 1529 2373 et
1549 2340 1657 2373 datum
1679 2338 1861 2372 Luthomisl
1881 2348 1968 2371 anno

105 2405 229 2439 domini
257 2406 432 2440 millesimo
461 2408 698 2440 trecentesimo
727 2407 976 2451 septuagesimo
1003 2406 1144 2448 septimo
1174 2405 1206 2436 in
1227 2402 1340 2446 vigilia
1362 2403 1603 2446 assumpcionis
1623 2402 1763 2444 virginis
1792 2398 1969 2432 benedicte

102 2465 222 2510 Marte,
252 2478 316 2511 que
344 2466 404 2500 fuit
433 2471 549 2512 quarta
579 2467 708 2500 decima
738 2466 808 2499 dies
837 2468 960 2498 mensis
989 2464 1146 2507 Augusti.

257 2526 329 2560 Nos
357 2530 458 2571 igitur
485 2527 694 2560 Dluhomilus
724 2529 826 2571 prior,
856 2524 1027 2558 Johannes
1057 2528 1181 2565 custos,
1212 2521 1384 2555 Johannes
1413 2525 1541 2555 cantor.
1572 2520 1729 2554 Andreas
1758 2520 1966 2554 scolasticus.

104 2591 275 2633 totumque
304 2587 482 2633 capitulum
511 2587 786 2621 Luthomislensis
816 2586 960 2619 ecclesie
990 2588 1102 2617 notum
1133 2582 1272 2616 facimus
1301 2584 1468 2615 universis
1497 2585 1672 2626 presentes
1692 2580 1805 2613 literas
1826 2582 1966 2624 inspec-

106 2650 199 2691 turis,
229 2648 316 2693 quod
345 2647 554 2682 attendentes
584 2647 858 2681 reverendissimi
887 2648 918 2678 in
957 2644 1089 2678 Christo
1127 2645 1230 2689 patris
1268 2642 1354 2676 Petri
1393 2641 1665 2686 archiepiscopus
1703 2639 1788 2684 [sic]
1817 2638 1966 2683 Magde-

1776 2707 1806 2730 11
