2336 3074
1023 230 1097 267 525

132 334 311 368 maioribus
341 339 372 368 et
402 334 593 373 minoribus„
624 334 759 378 rubetis,
791 338 880 380 agris
910 336 1003 369 cultis
1033 341 1064 370 et
1093 337 1233 380 incultis,
1264 340 1376 383 pratis.
1414 340 1556 383 pascuis.
1594 336 1790 381 ttmnintbus,
1829 348 1987 383 aquarum

133 394 340 439 (leem-sibus,
370 394 606 439 usufructssms,
643 395 871 441 proventibus.
905 398 1177 442 jurcpatronatus
1206 398 1349 432 ecclesie
1379 401 1409 432 in
1440 398 1611 432 Radostin.
1652 399 1749 444 pleno
1779 399 1924 433 dominio
1953 410 1991 431 ac

133 458 296 489 universis
331 460 362 490 et
399 456 537 501 singulis
575 459 800 502 pertinenciis,
839 457 1088 502 quibuscunque
1126 458 1312 493 nominibus
1351 464 1541 496 censentur.
1581 471 1641 506 per
1676 471 1807 493 omnem
1846 459 1989 493 modum.

130 516 406 561 quemadmodum
436 516 596 550 hactenus
627 516 710 550 dicta
740 516 825 550 bona
856 521 964 551 onmia
994 530 1011 550 a
1041 521 1122 551 meis
1152 519 1448 564 predecessoribus
1479 523 1566 553 tenui
1596 524 1627 553 et
1656 519 1801 566 possedi.
1837 520 1882 553 nil
1907 521 1991 564 juris

131 586 190 609 sen
219 580 430 623 proprietatis
459 580 490 610 in
520 577 644 611 eisdem
677 576 775 610 michi
804 582 834 610 et
865 577 1042 611 heredibus
1076 581 1157 612 meis
1196 579 1447 613 reservantibus
1477 580 1572 625 (εἰς)
1610 580 1709 613 nobili
1749 583 1822 614 viro
1857 580 1989 614 domino

131 635 274 671 Johanni
304 638 344 671 de
372 637 592 681 Mezerziecz‚
630 640 730 684 ipsius
768 637 944 671 heredibus
983 644 1012 672 et
1051 638 1302 673 successoribus
1342 650 1401 685 pro
1440 643 1596 674 trecentis
1635 644 1755 674 marcis
1793 651 1988 685 grossorum

132 697 343 731 denariorum
372 701 586 744 pragensium
618 701 778 732 moravici
807 701 937 732 numeri
966 703 997 732 et
1025 702 1227 744 pagamenti.
1266 700 1419 734 videlicet
1458 703 1634 745 sexaginta
1673 705 1813 746 quatuor
1850 711 1990 745 grossos

132 768 192 803 pro
221 769 332 792 marca
362 757 506 803 qualibet
534 758 767 804 computandO,
808 761 868 791 rite
898 763 928 792 et
957 759 1203 793 racionabiliter
1232 764 1391 806 perpetue
1420 765 1452 794 et
1482 760 1683 794 hereditarie
1721 761 1811 794 titulo
1841 761 1989 805 legitime

133 818 339 852 vendicionis
369 818 503 852 vendidi
532 823 563 852 et
591 818 715 861 vendQ
746 821 882 863 resigno
912 819 1206 853 et.c011descend0
1246 823 1277 853 in
1314 820 1375 854 hiis
1411 823 1542 866 scriptis
1580 821 1619 854 ad
1659 821 1810 855 habenda
1848 820 1988 854 tenenda

133 882 163 912 et
193 878 409 924 disponenda,
440 884 534 925 prout
569 881 647 925 ipsis
686 879 802 913 melius
839 879 1003 913 videbitur
1040 880 1211 925 expedire.
1260 880 1418 914 Promitto
1455 891 1586 926 quoque
1624 886 1655 914 et
1692 880 1902 927 presentibus
1938 891 1990 914 me

133 938 244 984 obligo
283 950 347 984 ego
383 939 616 985 Sigismundus
652 943 857 986 prescriptus
893 940 1047 974 venditor
1084 940 1250 984 legitimus
1286 945 1316 974 et
1355 952 1415 975 nos
1453 941 1644 975 Archlebus
1682 942 1722 975 (le
1759 940 1989 976 Missliboricz.

133 999 292 1034 Albertus
321 1000 361 1034 de
390 999 569 1043 Vethovia,
607 1000 796 1037 Heinricus.
839 1000 948 1034 Hinko
984 1005 1013 1033 et
1043 1000 1152 1034 Janko
1183 1000 1303 1035 fratres
1333 1000 1373 1035 de
1403 1001 1618 1035 Jewschvtez
1655 1006 1687 1035 et
1715 1001 1916 1035 Ludowicus
1950 1001 1990 1034 de

134 1058 299 1094 Bukowin
328 1059 542 1095 fideiussores
572 1065 603 1095 et
632 1064 932 1106 compromissores
962 1061 1001 1094 ad
1031 1061 1116 1094 infra
1145 1064 1267 1107 scripta
1297 1065 1593 1107 compromittimus
1614 1073 1755 1095 unacum
1777 1061 1989 1106 Sigismundo

132 1121 282 1166 predicto
312 1120 396 1155 bona
430 1126 543 1155 nostra
573 1121 648 1165 fide5
679 1133 776 1155 manu
806 1121 1019 1155 confederata
1059 1125 1091 1154 et
1119 1122 1292 1155 insolidum
1332 1125 1403 1156 sine
1441 1122 1527 1160 doloq
1567 1122 1651 1156 (licta
1690 1122 1774 1156 bona
1814 1124 1920 1155 onmia
1958 1124 1989 1154 in

134 1186 226 1227 parte
256 1186 288 1216 et
325 1185 357 1216 in
391 1186 458 1216 toto
488 1182 574 1216 dicto
604 1182 737 1216 domino
767 1182 922 1221 Johanni„
960 1185 1027 1216 suis
1057 1181 1235 1216 heredibus
1265 1187 1295 1216 et
1334 1182 1586 1217 successoribus
1619 1184 1696 1227 jure
1734 1187 1762 1216 et
1800 1186 1863 1216 ritu
1901 1186 1989 1215 terre

132 1241 286 1276 Moravie
315 1254 332 1276 a
362 1242 507 1288 quolibet
535 1245 716 1289 impetente
746 1245 867 1276 nostris
896 1242 1078 1289 sumptibus
1108 1247 1139 1276 et
1176 1242 1343 1277 laboribus
1382 1243 1567 1289 disbrigare
1606 1247 1637 1277 et
1675 1243 1852 1277 defensare
1890 1247 1920 1275 et
1959 1245 1990 1275 in

134 1305 240 1348 primo
269 1303 435 1348 colloquio
465 1303 672 1337 dominorum
693 1303 804 1337 Brune
834 1303 1055 1346 celebraturo,
1085 1303 1140 1336 vel
1168 1305 1239 1336 sine
1269 1303 1385 1337 fraude
1415 1306 1446 1337 in
1466 1303 1625 1337 secundo.
1656 1315 1729 1337 eum
1751 1308 1861 1336 tamen
1882 1301 1990 1336 tabule

133 1368 222 1397 terre
241 1363 394 1398 Moravie
422 1363 592 1410 patefiunh
622 1375 754 1398 omnem
785 1364 1070 1398 extabulacionem
1102 1363 1263 1397 dictorum
1293 1363 1455 1397 bonorum
1485 1363 1598 1398 facere
1628 1368 1659 1397 et
1688 1366 1766 1410 ipsis
1796 1362 1988 1397 intabulare.

132 1423 355 1458 Promittimus
386 1427 490 1458 eciam
522 1424 606 1458 dicta
635 1424 721 1458 bona
752 1428 860 1458 omnia
890 1424 930 1458 ab
959 1428 1047 1458 omni
1076 1423 1292 1458 abscussione
1322 1427 1410 1471 ipsos
1441 1429 1556 1458 tenere
1581 1429 1611 1458 et
1632 1424 1816 1470 possidere.
1848 1424 1942 1466 Quod
1963 1426 1990 1456 si

132 1487 242 1518 omnia
271 1484 326 1518 vel
354 1489 481 1530 partem
512 1484 629 1518 horum
651 1496 716 1518 non
738 1484 928 1519 fecerimus.
959 1485 1043 1530 quod
1065 1484 1160 1519 absit.
1191 1489 1313 1518 extunc
1334 1487 1441 1518 statim
1464 1484 1527 1518 duo
1548 1489 1695 1519 nostrum
1716 1487 1989 1530 prescriptorunn

132 1547 319 1590 quicunque
357 1555 374 1578 a
408 1544 578 1591 suprafato
615 1545 747 1579 domino
785 1544 949 1588 Johanne„
996 1548 1062 1579 suis
1100 1544 1278 1578 heredibus
1322 1556 1379 1578 seu
1416 1544 1669 1579 successoribus
1705 1545 1843 1590 proinde
1877 1547 1990 1578 moniti

133 1604 304 1649 fuerimus„
351 1604 395 1639 hii
434 1616 506 1639 cum
544 1605 671 1639 duobus
709 1605 840 1640 famulis
878 1610 909 1639 et
947 1610 1087 1651 quatuor
1124 1608 1218 1650 equis
1256 1604 1443 1650 obstagium
1482 1604 1626 1639 debitum
1665 1609 1696 1638 et
1735 1609 1928 1639 consuetum
1960 1607 1989 1638 in

133 1668 267 1700 civitate
295 1665 405 1699 Bruna
436 1670 468 1699 et
496 1666 595 1700 domo
624 1669 702 1712 ipsis
733 1666 886 1712 deputata
916 1678 975 1712 per
1003 1678 1039 1700 se
1069 1666 1123 1699 vel
1152 1668 1362 1714 interpositas
1392 1665 1528 1699 idoneas
1548 1675 1722 1711 personas.
1752 1676 1836 1699 unus
1856 1665 1990 1699 alterius

132 1725 322 1760 absenciam
352 1737 416 1760 non
447 1726 608 1771 allegans.
648 1729 844 1760 intemerate
884 1726 1083 1760 tenebuntur
1121 1730 1151 1759 et
1189 1725 1354 1759 debebunt
1390 1725 1578 1759 subintrare
1616 1730 1647 1759 et
1685 1725 1868 1759 observare
1904 1725 1991 1759 nulla

134 1789 269 1820 racione
298 1789 418 1820 exituri
448 1787 581 1830 tamdiu2
613 1798 786 1833 quousque
815 1790 923 1821 omnia
953 1786 1112 1833 prelibata
1143 1797 1216 1820 cum
1246 1785 1397 1820 omnibus
1426 1786 1576 1832 dampnis
1606 1787 1736 1820 modum
1775 1797 1835 1832 per
1867 1797 1990 1831 queni-

133 1857 274 1892 cumque
294 1846 416 1880 exinde
436 1846 697 1891 emergentibus.
718 1846 964 1881 racionabiliter
984 1851 1092 1880 tamen
1114 1846 1359 1883 demonstratis,
1380 1846 1467 1880 dicto
1488 1846 1620 1880 domino
1635 1846 1791 1882 Johanni.
1812 1845 1990 1880 heredibus

133 1912 165 1941 et
192 1906 444 1941 successoribus
476 1910 543 1941 suis
573 1906 721 1953 perfecta
751 1907 883 1951 fuerinh
923 1907 1097 1953 adimpleta
1127 1911 1159 1940 et
1187 1906 1304 1940 soluta.
1344 1906 1468 1940 Harum
1497 1906 1557 1940 sub
1586 1909 1791 1953 impensione
1821 1906 1862 1940 de
1899 1911 1989 1939 certa

134 1972 246 2001 nostra
289 1969 434 2001 sciencia
474 1971 663 2001 nostrorum
702 1967 885 2012 sigillorum
925 1970 1111 2002 testimonio
1149 1967 1329 2001 literarum.
1373 1966 1493 2001 Datum
1532 1978 1619 2001 anno
1655 1967 1777 2001 domini
1816 1967 1989 2001 millesimo

133 2030 359 2062 tricentesimo
388 2030 620 2072 nonagesimo.
651 2030 682 2061 in
711 2027 764 2061 die
793 2031 897 2062 sancti
926 2027 992 2061 Viti
1022 2030 1164 2061 martiris
1193 2031 1225 2060 et
1253 2029 1393 2073 patroni.

443 2103 533 2142 (orig.
561 2107 640 2140 Perg
665 2106 693 2131 in
718 2107 770 2132 den
798 2106 891 2132 Akten
920 2107 968 2132 des
993 2106 1121 2131 Klostvrs
1145 2106 1215 2131 Saar
1246 2105 1282 2130 ἰιιι
1315 2105 1403 2130 ηιὲἰΙιι·.
1429 2106 1669 2131 Laudesarcliive.
1702 2106 1763 2131 Yon
1797 2106 1849 2130 den
1885 2107 1899 2130 T
1931 2106 1988 2136 Sis-r.

549 2158 611 2183 sind
636 2158 680 2183 die
705 2159 722 2183 4
747 2161 841 2183 ersten
866 2158 1051 2191 aligerissen.)

1013 2310 1119 2346 603.

136 2413 205 2447 Die
236 2413 364 2459 Grafele
394 2426 458 2449 von
483 2414 520 2449 S.
546 2415 714 2460 Georqen‚
736 2415 835 2449 Hans
864 2426 928 2447 ron
950 2413 1208 2447 chhtenstein
1240 2414 1307 2446 und
1328 2413 1421 2458 Graf
1436 2413 1548 2458 Georq
1580 2424 1641 2447 ron
1663 2413 1790 2457 Posinq
1817 2412 1988 2446 erkla'ren.

136 2474 217 2508 dass
254 2476 305 2508 sie
342 2475 415 2509 dem
453 2475 680 2521 Markyrafen
719 2487 783 2509 τοη
821 2474 979 2516 ΜᾶΙινεη,
1014 2473 1103 2516 dost,
1142 2473 1215 2507 ihre
1253 2473 1545 2518 Gefanyenscleaft
1581 2473 1672 2506 nicht
1708 2472 1786 2506 libel
1822 2472 1989 2517 eutyelten

691 2535 824 2570 wollen.
855 2534 908 2568 St.
941 2534 1096 2577 Geor-qen
1127 2533 1187 2567 29.
1217 2533 1302 2567 Jeme·
1331 2533 1439 2567 1390.

289 2609 396 2663 wyir
423 2629 503 2674 graf
527 2629 678 2664 Thoman
709 2630 771 2664 und
800 2629 880 2675 graf
905 2629 1002 2662 Peter
1030 2628 1200 2674 gepruder
1233 2628 1296 2662 und
1326 2628 1406 2673 graf
1430 2627 1582 2661 Thoman
1611 2627 1670 2661 der
1694 2629 1829 2672 junger,
1868 2627 1988 2660 herren

134 2701 194 2724 czu
232 2689 312 2723 sand
350 2688 488 2734 Jorigen
524 2690 587 2723 und
625 2693 688 2724 wir
723 2690 803 2735 graf
835 2689 925 2723 Hans
954 2700 1021 2723 von
1051 2688 1123 2722 dem
1155 2687 1419 2722 Forichtenstain
1449 2687 1512 2722 und
1542 2687 1622 2733 graf
1646 2686 1742 2732 Jorig
1771 2698 1837 2721 von
1867 2686 1989 2730 Posing
