2336 3074
931 254 943 255 ἡ
982 201 1055 235 313

86 301 333 336 Carthusiensis
370 302 595 348 predictorum
632 314 737 349 prope
780 303 947 338 Brunnam
988 310 1082 351 parte
1120 317 1163 339 ex
1199 306 1302 339 altera
1340 317 1441 351 super
1479 305 1673 351 quibusdam
1710 309 1810 339 certis
1848 309 1951 351 pratis

85 365 241 408 quinque.
271 363 427 396 videlicet
457 363 667 407 Hofgharten
707 369 735 397 et
775 369 874 399 sexti.
905 369 958 410 qui
997 366 1141 412 l‘rayten
1179 371 1409 411 nuncupantur
1444 369 1473 399 in
1512 366 1595 400 silva
1635 366 1725 400 Luha
1762 369 1945 399 iacencium

85 434 197 456 coram
227 423 322 457 nobis
352 435 456 469 usque
485 424 524 457 ad
555 427 759 457 sentenciam
790 425 995 459 diffinitivam
1026 427 1122 460 suerit
1153 438 1348 472 processum
1380 427 1542 460 inclusive
1567 428 1652 470 juris
1682 427 1798 460 ordine
1819 426 1946 460 obser-

84 488 175 519 vato.
206 489 236 517 et
266 495 326 517 nos
356 484 485 525 auditis.
516 484 691 518 intellectis
721 490 750 517 et
781 489 978 520 examinatis
1009 490 1155 532 parcium
1181 487 1311 531 juribus
1351 487 1598 521 deliberacione
1637 499 1709 520 cum
1745 490 1948 533 jurisperitis

83 543 255 590 prehabita
286 544 432 589 diligenti
462 555 522 590 pro
551 545 718 589 religiosis
748 548 829 579 viris
859 547 998 580 dominis
1029 548 1213 581 Laurencio
1242 551 1354 593 priore
1384 553 1414 581 et
1442 548 1598 581 fratribus
1618 551 1811 581 monasterii
1833 553 1948 581 sancte

83 604 253 638 Trinitatis
290 606 429 651 predicti
468 610 583 639 contra
622 606 800 650 religiosos
840 606 959 640 fratres
998 608 1164 641 dominum
1211 608 1389 642 Sdislaum.
1430 608 1505 641 olim
1544 611 1747 654 prepositum
1786 611 1817 641 in
1856 607 1946 641 Luha

81 665 265 711 predictum
296 670 327 699 et
357 677 450 698 5111101
481 671 683 699 conventum
715 667 810 699 deum
841 667 945 700 solum
982 668 1134 701 habendo
1173 680 1232 714 pre
1268 669 1372 702 oculis
1410 672 1613 702 sentenciam
1651 680 1752 714 super
1790 669 1947 714 predictis

81 729 184 771 pratis
214 726 394 759 tuleramus
423 725 643 760 diffinitivam.
674 730 778 772 ipsum
810 727 974 761 Sdislaum
1006 729 1045 762 ab
1075 732 1302 774 oceupacione
1332 729 1494 762 dictorum
1516 733 1685 774 pratorum
1707 729 1945 762 ammovendo.

82 786 304 820 decernentes
333 786 565 821 nichilominus
593 790 756 833 premissa
787 799 859 821 cum
890 790 1027 827 singulis
1057 793 1123 823 suis
1152 792 1367 835 pertinenciis
1404 800 1442 822 ac
1472 800 1545 822 cum
1577 789 1738 822 fructibus
1777 792 1945 835 perceptis

81 851 112 880 et
141 850 195 892 qui
224 850 350 893 percipi
380 851 557 892 potuerunt
586 859 647 893 per
677 853 752 881 octo
782 860 886 882 annos
916 850 1053 894 singulis
1076 853 1169 883 annis
1198 850 1237 883 ad
1259 854 1400 894 quatuor
1422 860 1551 882 marcas
1572 860 1768 893 grossorum
1790 860 1945 894 pragen-

80 909 177 943 sium.
208 911 370 941 moravici
399 911 529 942 numeri
559 913 589 942 et
619 912 809 954 pagamenti
840 914 870 942 et
901 921 974 943 cum
1005 913 1163 956 expensis
1194 913 1225 943 in
1256 910 1311 943 lite
1341 909 1436 942 sactis
1473 909 1545 942 fore
1575 914 1604 942 et
1636 920 1711 942 esse
1741 909 1945 943 restituenda

80 979 118 1001 ac
148 970 238 1013 ipsos
267 968 307 1002 ad
337 968 400 1002 hoc
430 980 505 1002 esse
535 969 840 1015 condempnandos.
872 975 965 1015 prout
997 982 1056 1015 per
1076 974 1279 1004 sentenciam
1301 969 1508 1003 diffinitivam
1536 974 1683 1003 nostram
1713 973 1744 1003 in
1766 981 1942 1015 personam

79 1028 202 1061 domini
231 1027 369 1074 Philippi
400 1032 545 1074 ipsorum
575 1033 806 1075 procuratoris
836 1032 961 1064 eisdem
992 1034 1094 1076 priori
1130 1036 1159 1064 et
1190 1034 1370 1065 conventui
1400 1033 1592 1064 monasterii
1631 1034 1745 1063 sancte
1775 1029 1944 1063 Trinitatis

79 1091 110 1121 in
139 1099 316 1134 personam
347 1089 471 1122 domini
498 1089 623 1123 Mathie
653 1094 881 1135 procuratoris
910 1094 1057 1137 ipsorum
1087 1092 1334 1126 sentencialiter
1372 1092 1692 1136 condempnavimus
1728 1093 1758 1123 in
1797 1093 1942 1135 scriptis.

79 1160 97 1182 a
127 1160 190 1194 qua
219 1152 389 1184 sentencia
419 1161 479 1196 per
508 1149 690 1196 Philippum
726 1157 978 1197 procuratorem
1009 1152 1192 1197 predictum
1222 1152 1260 1185 ad
1292 1152 1405 1185 sedem
1436 1162 1607 1185 romanam
1648 1150 1706 1184 fuit
1742 1150 1940 1196 appellatum

79 1213 112 1243 et
139 1210 280 1255 apostoli
308 1213 470 1244 instanter
498 1215 589 1257 petiti
619 1217 650 1245 et
678 1215 817 1258 recepti.
848 1212 994 1246 Tandem
1026 1212 1230 1246 honorabilis
1259 1216 1311 1246 vir
1340 1213 1492 1246 dominus
1513 1211 1670 1245 Andreas
1700 1211 1787 1244 dicto
1809 1211 1942 1244 domino

78 1269 210 1304 Sdislao
239 1273 271 1304 in
301 1274 504 1317 prepositum
535 1275 727 1305 monasterii
757 1276 787 1306 in
826 1273 915 1306 Luha
954 1272 1156 1317 subrogatus
1184 1273 1304 1306 volens
1342 1272 1449 1306 litibus
1488 1272 1585 1305 finem
1627 1275 1812 1316 imponere.
1851 1274 1941 1317 prius

78 1335 220 1364 tractatu
249 1331 360 1365 habito
390 1335 476 1366 inter
504 1344 552 1374 se.
583 1335 654 1378 ipse
683 1336 871 1379 prepositus
901 1337 931 1366 in
962 1333 1052 1367 Luha
1081 1344 1141 1366 suo
1171 1338 1202 1366 et
1232 1336 1281 1366 sni
1321 1336 1454 1366 nomine
1493 1336 1680 1365 conventus
1719 1336 1749 1365 et
1788 1332 1941 1365 dominus

78 1391 281 1425 Laurencius
309 1395 402 1438 prior
431 1396 624 1426 monasterii
653 1398 768 1427 sancte
797 1393 965 1427 Trinitatis
995 1394 1133 1439 predicti
1162 1405 1223 1427 sno
1258 1398 1289 1426 et
1329 1397 1378 1426 5111
1415 1398 1602 1426 conventus
1639 1395 1773 1425 nomine
1809 1395 1841 1425 in
1879 1402 1940 1425 nos

76 1451 283 1486 Jeronimum
299 1453 483 1498 predictum
509 1457 674 1498 tamquam
691 1457 722 1487 in
743 1453 913 1488 arbitrum.
935 1454 1168 1488 arbitratorem
1189 1458 1219 1487 et
1241 1453 1449 1487 amicabilem
1470 1456 1729 1498 compositorem
1752 1452 1940 1485 voluntarie

76 1517 107 1546 et
146 1517 236 1546 certa
280 1516 438 1548 sciencia.
477 1524 542 1547 000
581 1526 641 1560 1101
679 1526 982 1560 011010005111101·
1020 1515 1127 1548 litibus
1170 1519 1200 1547 et
1244 1514 1343 1547 rebus
1386 1516 1557 1559 premissis
1599 1517 1630 1546 et
1673 1512 1825 1546 omnibus
1868 1513 1940 1546 aliis

76 1573 315 1618 questionibus.
346 1577 600 1608 controversiis.
631 1586 695 1620 que
733 1578 817 1608 iuter
853 1578 941 1620 ipsos
980 1575 1198 1608 vertebantur
1235 1577 1415 1608 occasione
1451 1576 1689 1619 premissorum
1730 1573 1770 1606 dc
1805 1573 1870 1606 alto
1909 1577 1941 1606 et

75 1633 174 1667 basso
212 1634 386 1679 sollempni
428 1635 646 1680 stipulacione
688 1635 860 1681 prehabita
904 1636 1115 1668 concorditer
1161 1637 1475 1680 compromiserunt.
1515 1637 1613 1679 prout
1650 1636 1681 1666 in
1720 1636 1939 1666 instrumento

75 1693 206 1739 publico
235 1705 336 1740 super
371 1695 529 1740 predictis
568 1696 722 1729 confecto
760 1696 888 1741 plenius
929 1699 1126 1729 continetur.
1183 1694 1253 1728 Nos
1290 1705 1371 1728 vero
1408 1694 1600 1727 ι1010010105
1637 1693 1805 1739 predictus
1843 1696 1936 1733 visis.

74 1755 203 1792 auditis.
234 1756 409 1789 intellectis
439 1761 470 1789 et
498 1756 695 1790 iudicialiter
731 1760 928 1790 examinatis
957 1759 1104 1802 parcium
1135 1755 1270 1788 iuribus.
1301 1754 1547 1788 deliberacione
1577 1753 1749 1799 prehabita
1788 1753 1936 1797 diligenti

74 1825 134 1860 pro
163 1814 250 1849 bono
280 1819 372 1861 pacis
401 1821 431 1849 et
453 1817 633 1850 concordie
662 1828 706 1850 ex
726 1821 846 1862 vigore
867 1819 1086 1862 conpromissi
1107 1817 1257 1861 predicti.
1280 1814 1401 1848 Christi
1422 1818 1556 1848 nomine
1576 1818 1732 1847 invocato
1754 1814 1937 1856 laudamus.

75 1875 277 1910 ordinamus.
308 1876 518 1920 arbitramur.
549 1877 726 1911 diffinimus
762 1883 791 1911 et
823 1878 960 1911 dicimus
999 1882 1096 1922 atque
1126 1879 1338 1922 precipimus.
1369 1875 1455 1920 (111011
1486 1875 1638 1908 dominus
1667 1874 1824 1907 Andreas
1852 1885 1934 1919 pre-

73 1939 199 1982 positus
229 1940 259 1970 111
288 1937 379 1970 Luha
409 1938 576 1983 predictus
605 1941 708 1983 priori
738 1943 767 1971 et
790 1941 969 1972 conventui
1000 1939 1192 1970 nwnasterii
1212 1941 1327 1969 sancte
1347 1935 1517 1969 Trinitatis
1542 1935 1667 1969 ordinis
1688 1934 1938 1968 Carthuziensis

73 2000 250 2031 restituere
280 1997 397 2031 debeat
436 2003 528 2044 prata
566 1999 715 2044 predicta
753 2004 784 2032 et
822 2003 852 2032 in
892 1999 1021 2044 plenam
1061 1999 1309 2042 possessionem
1348 1997 1510 2029 dictorum
1549 2000 1720 2041 pratorum
1757 2006 1831 2028 cum
1870 1997 1938 2027 suis

72 2057 227 2091 limitibus
264 2061 334 2091 sine
372 2061 460 2091 omni
499 2062 733 2104 protraccione
771 2059 942 2093 induceret
980 2058 1129 2091 eosdem.
1166 2069 1229 2102 1100
1267 2061 1300 2090 et
1337 2068 1419 2102 quos
1457 2060 1549 2102 prata
1588 2060 1618 2089 et
1657 2056 1776 2089 limites
1815 2055 1936 2088 debent

73 2117 306 2151 demonstrare
335 2118 398 2152 duo
428 2119 483 2152 vel
513 2124 580 2152 tres
609 2119 721 2153 villani
752 2120 860 2153 idonei
891 2124 920 2152 et
951 2120 1047 2162 jurati
1076 2129 1136 2163 per
1165 2120 1312 2162 ipsorum
1345 2119 1585 2150 consciencias.
1630 2116 1710 2149 Item
1741 2116 1826 2160 quod
1862 2115 1937 2148 dicti

73 2181 261 2223 prepositus
291 2182 321 2211 et
351 2183 540 2212 conventus
569 2182 599 2212 in
630 2179 720 2213 Luha
751 2184 781 2213 et
812 2189 1028 2213 successores
1058 2189 1173 2211 eorum
1203 2180 1348 2223 priorem
1380 2181 1410 2210 et
1431 2181 1635 2210 conventum
1657 2175 1933 2209 Carthuziensem

71 2238 188 2272 domus
217 2242 332 2272 sancte
361 2238 531 2272 Trinitatis
560 2244 591 2273 et
612 2243 758 2285 ipsorum
780 2250 997 2273 successores
1019 2241 1048 2271 iu
1070 2241 1285 2283 possessione
1306 2242 1476 2283 pratorum
1497 2241 1528 2270 et
1548 2236 1686 2269 limitum
1708 2235 1932 2281 predictorum

73 2299 231 2333 decetero
260 2310 326 2333 non
355 2299 533 2345 impediant
554 2311 617 2333 nec
637 2303 724 2334 viam
748 2312 866 2333 versus
888 2304 979 2345 prata
1002 2299 1052 2331 illa
1074 2309 1133 2343 per
1153 2298 1270 2331 silvam
1291 2308 1383 2331 suam
1404 2296 1615 2342 prohibeant.
1646 2295 1727 2329 Item
1749 2295 1933 2329 laudamus,

73 2359 275 2402 0111101110115Ἰ
315 2359 514 2393 arbitramur
561 2365 593 2394 et
630 2360 820 2394 diffinimus.
857 2360 943 2405 (111011
983 2358 1136 2392 ammodo
1180 2358 1301 2391 nullam
1341 2360 1549 2402 questionem
1587 2367 1645 2389 seu
1693 2355 1780 2388 litem
1819 2359 1934 2387 contra

71 2420 239 2465 predictos
270 2431 409 2454 movere
437 2420 580 2454 debeant
608 2421 668 2455 sub
698 2421 772 2454 fidei
803 2425 833 2454 et
864 2421 1000 2454 honoris
1029 2422 1181 2464 puritate.
1204 2419 1290 2463 quod
1311 2421 1338 2451 si
1368 2417 1443 2450 fidei
1472 2428 1531 2450 sue
1561 2419 1774 2449 immemores
1796 2425 1935 2447 movere

72 2479 214 2525 aliquam
243 2480 332 2513 litem
363 2485 395 2514 et
423 2491 495 2514 eain
526 2484 684 2526 prosequi
713 2483 987 2527 presumpserint.
1019 2484 1141 2512 extunc
1171 2483 1346 2522 antequam
1382 2478 1470 2510 litem
1509 2476 1739 2520 ingrediantur
1775 2478 1934 2520 percepta

71 2540 227 2573 videlicet
257 2543 390 2584 triginta
421 2541 502 2574 duas
541 2552 670 2575 marcas
709 2542 921 2574 denariorum
959 2542 1175 2585 pragensium
1213 2540 1375 2571 inoravici
1414 2539 1543 2570 numeri
1581 2539 1669 2568 omni
1709 2537 1935 2568 excusacione

71 2603 253 2645 postposita
282 2603 314 2633 in
343 2600 460 2646 quibus
489 2605 656 2647 perceptis
691 2613 751 2647 per
779 2612 840 2634 nos
870 2601 1102 2644 condempnati
1140 2598 1284 2641 fuerunt,
1315 2597 1413 2642 plene
1442 2601 1473 2629 et
1502 2595 1711 2640 integraliter
1739 2594 1935 2640 persolvant

69 2662 173 2705 priori
202 2665 234 2693 et
263 2663 443 2694 conventui
472 2665 587 2694 sancte
616 2661 785 2695 Trinitatis
814 2661 999 2694 antedictis.
1057 2659 1138 2692 Itenl
1174 2657 1261 2703 quod
1291 2668 1351 2703 pro
1381 2659 1539 2702 expensis
1568 2658 1598 2689 in
1638 2655 1693 2688 lite
1731 2654 1826 2687 factis
1865 2658 1933 2687 tres

1725 2721 1760 2746 40
