2336 3074
965 225 1034 259 241

73 344 134 379 pro
164 333 290 367 duobus
320 331 460 366 millibus
489 337 521 366 et
549 335 749 377 octingentis
778 334 958 377 sexagenis
988 342 1183 376 grossorum
1206 331 1435 373 Prae-ensium.
1457 331 1496 365 Et
1519 331 1626 365 fassus
1657 336 1717 374 est5
1739 342 1775 364 se
1796 330 1931 363 easdem

73 396 231 440 pecunias
260 393 300 427 ab
330 404 370 427 eo
399 393 496 438 plene
525 396 718 439 percepisse
747 397 777 427 et
808 396 837 426 ei
867 392 907 426 de
936 392 1020 425 dicta
1042 391 1229 425 hereditate
1259 391 1461 425 hereditarie
1482 392 1731 433 condescendit,
1762 394 1933 437 ipsamque

73 453 291 488 hereditatem
321 453 507 498 disbrigare
527 456 668 499 ipsemet
697 453 794 487 debet
815 458 844 486 et
875 464 948 486 cum
970 464 1010 486 eo
1040 452 1178 486 Hinczie
1199 452 1238 485 de
1268 452 1345 497 Lipa
1367 455 1491 487 senior.
1521 452 1686 485 Divissius
1717 452 1756 485 de
1786 451 1932 485 Kossm-

72 513 157 548 berk
176 519 207 547 et
228 514 359 548 XVanco
381 515 421 548 de
441 511 521 560 Zap„
542 524 659 547 omnes
689 517 719 546 in
749 514 888 547 solidum
909 513 949 547 ab
970 516 1058 547 omni
1079 513 1212 547 homine
1242 515 1312 545 iure
1333 517 1433 545 terre.
1457 512 1581 553 Quodsi
1602 524 1667 545 nnn
1696 511 1931 557 disbrigarenh

72 579 147 608 tunc
176 574 364 619 Pragenses
393 573 596 608 beneficiarii
625 574 744 608 debent
775 574 932 608 inducere
960 577 1066 620 ipsum
1097 577 1262 607 ementem
1292 584 1392 618 super
1420 572 1622 607 hereditates
1661 572 1930 617 disbrigatorum.

72 634 126 668 ubi
167 634 290 668 habent
327 639 382 668 aut
418 634 598 678 habebunt⁷
636 638 668 668 in
710 638 812 669 tercia
855 638 948 680 parte
991 634 1062 680 plus
1109 636 1250 680 pecunie
1294 633 1469 666 antedicte.
1518 633 1639 666 Actum
1682 644 1768 667 anno
1807 633 1929 666 domini

70 692 396 730 M⁰CCC0LXXXIL
428 694 565 729 sabbato
594 699 669 741 post
698 695 880 729 Francisci.

386 782 458 816 (Ans
482 782 544 808 dem
568 783 698 816 Pergam.
724 783 819 809 Codex
844 783 879 808 im
904 782 1055 809 fiirsterzb.
1081 781 1206 807 Arehive
1229 781 1258 806 iu
1282 780 1427 806 Kremsier
1451 780 1499 806 fol.
1526 781 1585 815 85.)

950 987 1058 1023 272.

68 1088 201 1123 Peter-‘s
230 1089 393 1134 Be‘schofs
423 1102 489 1124 eon
525 1091 667 1134 mmm,
690 1091 890 1135 Erlflcirmey
918 1102 981 1125 scor
1010 1092 1073 1125 den
1093 1090 1262 1124 Beamten
1291 1090 1352 1123 der
1381 1089 1515 1133 Prayer
1536 1089 1731 1134 Lamltafel.
1766 1090 1846 1123 {lass
1876 1090 1931 1122 (lie

74 1160 139 1183 eon
169 1149 234 1183 ihm
261 1150 446 1195 yekauftetz
479 1152 584 1185 Guter
613 1151 789 1185 Dfeeecfesstz,
817 1152 886 1186 und
913 1152 1101 1196 Popowicz,
1127 1150 1211 1195 falls
1240 1162 1278 1183 et·
1307 1149 1391 1183 ¹iiber
1420 1149 1591 1183 (lieselben
1625 1149 1808 1193 letztzcz'lle'y
1846 1150 1931 1182 odei·

152 1210 210 1244 bez·
237 1210 419 1245 Lebzez'ten
449 1211 541 1245 nicht
568 1212 696 1246 anders
724 1214 889 1256 rerfilqen
918 1213 1030 1255 sollte,
1061 1213 1135 1246 dem
1166 1211 1340 1244 Olmntz-er
1368 1210 1523 1244 Bistume
1552 1210 1701 1255 zufallen
1730 1209 1849 1243 sollen.

763 1272 820 1306 Dt.
854 1272 911 1307 11.
946 1272 1095 1306 Olrtober
1125 1271 1232 1306 1382.

219 1355 451 1411 Venerabilis
491 1379 522 1410 in
561 1376 693 1411 Christo
728 1382 822 1423 pater
860 1382 891 1411 et
929 1378 1092 1420 dominus,
1129 1377 1280 1410 dominus
1324 1375 1440 1409 Petrus
1479 1377 1655 1420 episcopus
1698 1373 1930 1407 Olomucensis

72 1441 272 1482 protestatus
301 1441 352 1471 est
371 1448 483 1471 coram
504 1440 720 1472 serenissimo
740 1441 889 1484 principe
908 1438 1126 1480 XVenceslaQ
1146 1437 1374 1470 Romanorum
1403 1446 1537 1481 semper
1566 1438 1706 1478 augusto
1736 1437 1766 1466 et
1792 1432 1930 1466 Boemie

71 1508 154 1542 rege
183 1501 215 1531 et
243 1508 355 1531 coram
393 1497 615 1531 beneficiariis
653 1497 889 1543 Pragensffius,
928 1498 1013 1543 quod
1042 1497 1246 1531 hereditates
1274 1508 1351 1530 suas
1381 1500 1411 1529 et
1440 1495 1525 1529 bona
1554 1506 1612 1528 sua
1650 1497 1681 1527 in
1710 1493 1930 1527 Drzewczicz

71 1560 292 1592 municionem
322 1569 395 1591 cum
434 1561 525 1591 curia
562 1562 695 1591 arature
733 1563 765 1591 et
793 1561 892 1592 curiis
922 1557 1130 1592 rusticalibus
1159 1556 1322 1591 omnibus.
1352 1559 1383 1590 in
1420 1556 1600 1602 Popowicz
1629 1558 1743 1595 totunn
1774 1553 1928 1598 quidquid

71 1618 114 1652 ibi
142 1618 253 1661 hahet,
284 1629 357 1652 cum
387 1620 488 1662 agris,
509 1621 623 1663 pratis.
644 1618 748 1661 silvis,
770 1621 862 1662 rivis,
884 1618 1092 1661 molendinis,
1122 1617 1256 1651 flumine
1285 1616 1405 1658 Albea,
1435 1619 1569 1662 piscinis
1599 1619 1630 1648 et
1659 1617 1748 1648 omni
1776 1613 1928 1647 libertate

71 1690 110 1713 ac
152 1679 296 1713 dominio
334 1679 374 1712 ad
412 1690 451 1712 ea
486 1681 684 1724 pertinente‚
714 1683 746 1711 et
780 1683 895 1721 totunn
925 1679 1078 1724 quidquid
1115 1678 1158 1712 ihi
1187 1677 1286 1711 habet
1324 1682 1356 1711 et
1383 1681 1481 1723 prout
1508 1676 1570 1710 sibi
1599 1675 1731 1709 domino
1770 1678 1928 1720 episcopo

70 1739 197 1785 plenius
225 1742 257 1773 in
286 1744 376 1773 terre
406 1738 523 1773 tabulis
551 1741 749 1781 continetur,
779 1750 796 1772 a
825 1739 971 1773 Henrico
1001 1739 1041 1773 de
1070 1739 1174 1782 Bieia,
1203 1738 1303 1772 nichil
1331 1740 1460 1784 penitus
1490 1736 1679 1779 eximendo,
1708 1736 1746 1769 ad
1777 1740 1927 1781 tempora

70 1802 137 1834 vite
165 1811 225 1834 sue
262 1804 389 1841 tenere„
419 1810 553 1844 regere,
583 1799 756 1845 possidere
785 1804 817 1833 et
845 1800 970 1833 eisdem
999 1799 1111 1833 utifrui
1139 1799 1238 1833 debet
1266 1803 1298 1832 et
1326 1809 1391 1832 non
1420 1798 1516 1839 ultra7
1547 1800 1619 1831 sive
1657 1799 1763 1842 ipsum
1792 1799 1822 1829 in
1853 1796 1928 1829 loco

69 1863 278 1906 episcopatus
312 1860 543 1894 Olomucensis
582 1860 702 1894 durare
739 1864 794 1893 aut
835 1863 867 1894 in
896 1860 993 1894 alium
1030 1860 1138 1893 locum
1176 1859 1432 1893 translacionem
1468 1858 1582 1891 facere
1619 1859 1798 1901 contingat.
1855 1856 1927 1889 Hoc

69 1925 179 1955 tamen
207 1921 348 1964 adicem,
377 1924 404 1955 si
432 1924 538 1967 ipsum
568 1921 734 1955 dominum
755 1923 947 1966 episcopum
977 1921 1017 1954 de
1046 1921 1170 1954 eisdem
1199 1919 1294 1954 bonis
1323 1924 1354 1953 et
1382 1917 1620 1952 hereditatibus
1649 1917 1768 1962 aliquid
1799 1920 1828 1950 iu
1858 1919 1926 1950 vita

69 1981 247 2027 disponere
275 1985 453 2026 contigerit
481 1986 535 2015 aut
555 1984 587 2015 in
616 1986 733 2024 morte,
764 1981 849 2026 quod
879 1981 943 2015 hoc
971 1984 1124 2026 vigorem
1146 1980 1271 2014 hahere
1300 1979 1419 2013 debeat
1447 1983 1478 2012 et
1507 1989 1701 2024 processum
1727 1976 1926 2010 roborosum

69 2053 129 2088 pro
157 2042 248 2076 libito
276 2042 415 2088 predicti
444 2042 566 2076 domini
595 2044 743 2087 episcopi
769 2041 959 2075 voluntatis.
991 2041 1049 2075 Sin
1078 2052 1161 2074 vero
1191 2044 1263 2087 ipse
1292 2040 1442 2074 dominus
1472 2041 1648 2084 episcopus
1677 2038 1796 2071 nullam
1827 2048 1927 2082 super

69 2102 225 2137 dredictis
252 2103 348 2137 bonis
368 2103 496 2137 faceret
524 2103 779 2148 disposicionem
801 2104 867 2135 vita
897 2105 1021 2147 sospite
1042 2102 1096 2135 vel
1125 2105 1274 2145 egrotus‚
1304 2104 1426 2133 extunc
1456 2110 1496 2132 eo
1524 2098 1707 2132 decedente
1736 2102 1765 2130 et
1796 2101 1926 2131 mortuo

68 2163 216 2209 predicte
254 2154 456 2198 hereditates
494 2173 610 2197 omnes
649 2166 680 2195 et
717 2162 846 2206 singule
884 2167 915 2195 et
951 2161 1038 2195 bona
1075 2165 1234 2195 universa
1269 2160 1416 2206 predicta
1454 2162 1486 2192 in
1520 2169 1651 2192 omnem
1691 2162 1847 2190 eventum
1885 2157 1924 2189 ad

70 2224 245 2258 ecclesiam
276 2223 533 2258 Olomucensem
563 2228 594 2256 et
623 2225 724 2268 ipsius
753 2233 969 2256 successores
998 2225 1069 2255 iure
1098 2221 1300 2255 hereditario
1330 2219 1552 2253 devolventur
1581 2223 1613 2251 et
1642 2217 1776 2251 devolvi
1806 2216 1923 2250 debent

69 2287 140 2330 ipso
170 2284 268 2318 facto.
316 2283 370 2318 Ad
400 2284 485 2329 quod
516 2284 667 2318 dominus
696 2293 757 2316 rex
787 2282 953 2328 predictus
982 2293 1074 2316 suam
1104 2281 1233 2328 prebuit
1260 2281 1476 2315 voluntatem.
1524 2278 1691 2311 Nunccius
1721 2277 1759 2310 ad
1799 2276 1926 2310 tabulas

69 2355 112 2378 ex
149 2349 243 2390 parte
279 2344 399 2390 prefati
434 2344 556 2378 domini
593 2347 684 2389 regis
720 2342 900 2377 Benessius
939 2341 1087 2376 Chusnik
1123 2342 1393 2388 prothonotarius
1430 2339 1612 2373 tabularum
1651 2340 1746 2382 regni
1788 2337 1926 2370 Boemie

69 2404 259 2450 specialiter
288 2404 472 2449 delegatus.
503 2404 626 2438 Actum
656 2415 742 2437 anno
772 2408 802 2437 et
832 2403 883 2436 die
913 2401 1029 2447 quibus
1057 2413 1168 2448 supra.

380 2491 453 2526 (Aus
478 2492 539 2517 dem
565 2492 693 2525 Pergam.
719 2491 813 2516 Codex
838 2491 873 2515 im
899 2489 1050 2516 fiirsterzb.
1075 2489 1200 2514 Areliive
1224 2489 1251 2513 in
1279 2487 1432 2516 Kremsier,
1457 2485 1506 2513 fol,
1533 2485 1593 2519 ⁵5.)

1717 2747 1748 2772 31
