2336 3074
976 209 1044 243 351

80 313 263 361 apostolice
291 315 381 349 sedis
409 316 525 359 gracia
554 316 730 359 episcopus
761 314 994 348 Olomucensis
1022 315 1171 360 prefatus
1210 316 1330 348 dictum
1370 314 1506 348 fratrem
1538 314 1704 347 Sdislaum
1735 316 1881 356 citatum,
1911 317 1944 346 ut

82 378 292 422 premittitur.
330 385 397 408 non
426 378 688 420 comparentem.
719 385 782 407 uec
811 373 998 408 huiusmodi
1027 375 1091 408 diei
1121 378 1262 409 termino
1292 376 1488 408 satisfacere
1518 378 1688 407 curantem
1717 376 1945 420 reputavimus

81 440 179 481 prout
207 440 279 469 erat
308 438 425 468 merito
455 437 615 479 exigente
644 436 772 467 iusticia
802 439 1031 467 contumacem
1063 440 1095 468 et
1125 438 1157 468 in
1186 438 1288 481 ipsius
1318 438 1562 468 contumaciam
1591 437 1674 468 visis
1708 437 1858 480 primitus
1886 445 1946 480 per

81 507 142 529 nos
172 500 202 529 et
224 496 400 539 diligenter
429 497 588 540 inspectis
609 493 761 527 omnibus
783 498 814 526 et
835 495 973 537 singulis
994 498 1087 538 actis.
1118 499 1200 529 actis
1221 499 1375 529 actualis.
1406 496 1522 531 literis.
1553 497 1791 529 instrumentis.
1821 493 1946 527 iuribus

82 561 115 590 et
142 559 353 589 munimentis
383 558 414 588 in
444 555 630 588 huiusmodi
656 565 757 587 causa
778 554 908 597 habitis.
940 555 1047 590 factis.
1077 555 1233 589 exhibitis
1254 560 1285 589 et
1306 555 1487 601 productis.
1519 558 1634 600 eisquc
1663 566 1738 588 cum
1768 555 1944 597 diligencia

82 616 190 650 debita
220 619 395 650 recensitis
438 627 476 648 ac
506 614 615 648 habita
645 617 730 647 inter
759 626 820 648 nos
849 626 912 647 11113
942 626 1015 648 cum
1040 617 1125 659 juris
1154 618 1268 661 peritis
1298 627 1400 660 super
1429 619 1507 661 ipsis
1541 620 1668 649 matura
1699 614 1945 648 deliberacione

85 681 117 710 et
137 677 285 721 diligenti
305 687 366 721 per
386 687 438 718 ea,
461 686 524 720 que
545 675 689 708 vidimus
714 679 746 707 et
766 678 988 719 cognovimus
1008 680 1155 709 nostram
1174 679 1205 709 in
1226 675 1412 709 huiusmodi
1442 687 1543 709 causa
1572 675 1779 709 diffinitivam
1805 679 1947 708 senten-—

85 740 170 771 ciam
198 740 230 770 111
259 739 390 782 scriptis
419 736 550 769 tulimus
580 740 609 768 et
640 735 927 780 promulgavimus
957 747 995 768 ac
1026 735 1235 780 presentibus
1265 736 1402 769 ferimus
1432 741 1463 769 et
1503 736 1752 781 promulgamus
1790 739 1821 768 in
1861 734 1948 768 hunc

83 797 215 831 modum
238 797 359 831 Christi
379 799 513 829 nomine
533 798 703 839 invocato,
732 806 793 840 pro
814 795 967 828 tribunali
987 796 1143 830 sedentes
1173 801 1205 830 et
1233 796 1395 830 habentes
1416 808 1475 842 pre
1496 797 1600 830 oculis
1630 797 1735 830 solum
1766 796 1875 832 deum,
1905 795 1946 828 de

84 858 291 892 dominorum
327 867 537 890 assessorum
584 860 775 889 nostrorum
820 860 851 889 et
890 856 1028 889 aliorum
1063 858 1148 900 juris
1187 859 1369 902 peritorum
1406 857 1545 890 consilio
1584 867 1644 901 per
1678 856 1763 889 hanc
1799 860 1947 889 nostram

84 917 290 951 diffinitivam
320 919 538 959 sentenciam,
568 927 665 961 quam
687 915 824 949 ferimus
844 919 875 949 in
898 916 960 949 hiis
981 919 1123 961 scriptis.
1145 919 1416 962 pronunciamus.
1447 916 1659 949 decernimus
1689 921 1719 949 et
1740 916 1948 949 declaramus

83 977 274 1023 deslaum.
292 982 459 1010 rectorem
475 980 548 1010 sive
564 976 741 1022 plebanum
759 976 902 1009 ecclesie
918 979 949 1009 in
962 976 1157 1010 Tassowicz
1173 980 1244 1022 ipsa
1261 977 1404 1010 ecclesia
1422 980 1453 1010 in
1465 976 1662 1010 Tassowicz
1678 988 1717 1010 ac
1733 979 1803 1009 eius
1815 980 1948 1009 rectura

82 1043 113 1072 et
142 1037 294 1083 plebania
320 1037 434 1080 fuisse.
459 1037 532 1070 fore
554 1041 587 1070 et.
606 1047 682 1070 esse
711 1036 908 1081 privandum
938 1042 968 1069 et
990 1040 1186 1071 auctoritate
1206 1037 1374 1071 ordinaria
1394 1040 1577 1082 privamus.
1608 1040 1781 1081 ipsumque
1801 1036 1841 1069 ab
1870 1038 1949 1081 ipsis

81 1098 197 1132 fuisse.
215 1098 287 1131 fore
303 1102 333 1131 et
355 1108 431 1130 esse
452 1094 733 1144 deponendum‘jet
749 1097 972 1130 amovendum
989 1108 1027 1130 ac
1049 1097 1244 1143 deponimus
1264 1102 1296 1130 et
1311 1108 1555 1131 ammovemus.
1577 1097 1658 1129 alias
1678 1107 1782 1141 penas
1802 1107 1862 1141 pro
1882 1099 1950 1129 suis

82 1158 291 1195 excessibus.
308 1169 325 1191 a
347 1161 418 1191 iure
438 1157 498 1190 sibi
520 1156 660 1190 inflictas
680 1161 711 1190 et
732 1156 941 1200 infligendas.
959 1162 1072 1190 nostro
1089 1158 1215 1201 J'udicio
1231 1162 1264 1191 et
1279 1156 1407 1191 abbatis
1427 1160 1478 1190 sui
1498 1160 1703 1202 inposterum
1720 1160 1948 1189 reservantes.

81 1219 182 1252 Lecta
211 1223 243 1251 et
271 1218 335 1251 lata
365 1223 415 1252 est
443 1218 507 1251 hec
535 1220 706 1251 sentencia
736 1221 768 1251 in
797 1222 908 1250 castro
937 1222 1051 1250 nostro
1071 1217 1215 1260 Meraw.
1244 1229 1331 1251 anno
1361 1218 1484 1251 domini
1519 1217 1692 1250 millesimo
1713 1219 1948 1250 trecentesimo

83 1281 313 1323 octuagesimo
343 1283 452 1321 sextQ
489 1278 572 1312 feria
610 1283 707 1312 sexta
742 1281 895 1324 proxima
933 1283 1008 1311 ante
1047 1278 1247 1311 dominicam
1294 1278 1460 1312 ..Domine
1498 1289 1539 1310 ne
1567 1277 1705 1321 longef*
1746 1277 1780 1310 In
1810 1286 1949 1321 quorum

85 1342 232 1373 omnium
260 1343 293 1372 et
321 1339 527 1383 singulorum
558 1341 781 1372 testimonium
811 1338 954 1383 sigillum
983 1342 1134 1371 nostrum
1162 1337 1373 1382 presentibus
1403 1338 1560 1371 duximus
1592 1337 1858 1383 appendendum.

395 1408 485 1443 (orig.
510 1409 592 1442 Perg.
618 1408 674 1442 Sig.
698 1408 779 1435 fehlt.
804 1409 832 1433 in
857 1409 912 1433 (len
937 1408 1031 1433 Akron
1056 1407 1105 1432 (les
1130 1407 1260 1432 Klosters.
1285 1407 1380 1432 Bruck
1405 1407 1442 1432 iin
1468 1406 1723 1440 Laudesareliive.)

966 1527 1072 1562 393.

87 1614 205 1647 Maria
237 1615 304 1647 und
331 1613 524 1647 Elisabeth.
556 1614 774 1657 Ko'nz‘qe'mzen
807 1625 868 1647 ron
903 1613 1055 1655 Unyarn.
1086 1612 1258 1646 ern-alelen
1291 1613 1354 1646 dete
1387 1612 1502 1655 It'ont'y
1538 1610 1681 1645 ll'enzel
1709 1622 1772 1644 ron
1797 1611 1949 1644 Bo'hmeu

86 1675 140 1708 als
169 1674 447 1708 Scleiedsre‘clzler
477 1676 508 1707 in
538 1674 636 1708 ihren
658 1674 933 1719 Zerwilrfm'ssen
964 1675 1024 1706 mi!
1043 1672 1241 1715 Siqismnnd
1262 1672 1493 1716 Jlarlfyrafeu
1524 1683 1585 1705 ron
1609 1671 1862 1715 Brandenbury
1888 1671 1955 1704 ancl

293 1734 406 1768 Jodok
437 1735 504 1768 und
532 1734 667 1779 Proltop
698 1734 926 1779 Marlfyrafen
958 1745 1019 1766 con
1050 1733 1207 1766 Mithrem
1240 1732 1298 1766 Dt.
1329 1732 1433 1766 Raab
1467 1731 1499 1766 1.
1533 1731 1607 1765 Mae·
1637 1730 1746 1765 1386.

242 1802 331 1855 Ros
359 1821 477 1855 Maria.
508 1826 541 1854 et
577 1820 751 1855 Elizabeth
787 1821 840 1854 dei
877 1823 992 1865 gracia
1013 1816 1144 1865 sregine
1178 1820 1328 1864 Ungarie
1356 1819 1529 1852 Dalmacie
1558 1818 1702 1852 Croacie
1739 1823 1802 1852 etc.
1841 1822 1955 1851 notum

88 1882 227 1916 facimus
255 1884 423 1915 universis
443 1886 619 1927 presentes
647 1882 775 1914 litteras
804 1884 1013 1926 inspecturis.
1045 1879 1140 1920 Quod
1171 1880 1211 1913 de
1240 1882 1433 1912 sinceritate
1454 1881 1590 1921 amoris,
1619 1878 1694 1912 fidei
1720 1883 1751 1911 et
1779 1878 1955 1923 legalitatis

87 1954 125 1976 ac
150 1944 284 1987 justicie
315 1945 522 1976 serenissimi
542 1953 581 1975 ac
610 1944 819 1976 invictissimi
848 1943 1006 1987 principis
1036 1940 1158 1973 domini
1177 1939 1374 1973 wenceslai
1394 1938 1622 1972 Romanorum
1643 1943 1676 1971 et
1694 1938 1832 1972 Boemie
1852 1941 1956 1982 regis.

87 2004 200 2037 fratris
228 2006 333 2037 nostri
359 2006 524 2036 carissimi
553 2001 686 2036 indubie
715 2001 933 2036 confidentes.
963 2004 994 2034 in
1023 2004 1128 2045 ipsum
1150 2002 1441 2045 compromisimus
1470 2004 1501 2032 et
1530 1999 1633 2033 veluti
1662 2002 1828 2032 sincerum
1858 1997 1956 2031 fidum

87 2075 127 2097 ac
164 2074 261 2108 equm
300 2063 546 2097 arbitratorem.
585 2062 793 2096 amicabilem
831 2064 1090 2107 compositorem
1120 2064 1151 2093 et
1185 2059 1397 2093 diffinitorem
1435 2058 1619 2093 deliberate
1648 2058 1734 2092 hona
1772 2058 1846 2092 fide.
1886 2061 1958 2091 sine

88 2124 206 2157 fraude
235 2128 268 2157 et
295 2123 383 2166 dolo„
413 2126 446 2156 in
483 2125 606 2157 virtute
642 2125 817 2156 iuramenti
853 2124 981 2168 prestiti
1020 2123 1318 2165 compromittimus
1347 2131 1391 2152 ex
1420 2122 1520 2152 certis
1550 2122 1673 2152 nostris
1710 2121 1865 2152 scienciis
1898 2130 1958 2163 per

88 2188 265 2229 presentes
293 2184 335 2217 de
365 2188 396 2217 et
425 2194 526 2228 super
553 2185 722 2217 universis
751 2187 784 2216 et
812 2182 952 2227 singulis
981 2180 1204 2226 displicenciis
1233 2182 1379 2223 gwerris
1413 2179 1525 2213 litibus
1558 2179 1720 2212 discordis
1749 2183 1781 2212 et
1815 2182 1958 2211 contro-

88 2247 222 2278 versiis.
251 2254 312 2289 pro
332 2248 427 2288 parte
455 2248 583 2278 nostra.
613 2243 828 2288 prelatorum,
858 2242 1019 2276 baronum
1050 2245 1080 2273 et
1106 2240 1312 2284 singulorum
1344 2240 1527 2273 incolarum
1558 2250 1739 2283 regnorum
1769 2243 1959 2271 nostrorum

89 2315 129 2337 ac
156 2303 252 2337 nobis
282 2303 533 2346 adherencium‚
563 2308 662 2349 prout
681 2303 853 2336 fraternali
883 2303 1097 2347 disposicioni
1126 2304 1157 2333 et
1182 2300 1389 2333 ordinacioni
1410 2310 1470 2333 sue
1492 2302 1631 2344 recepit,
1661 2298 1701 2332 ab
1720 2309 1796 2334 una.
1826 2309 1958 2331 necnon

89 2375 150 2409 pro
170 2368 264 2409 parte
285 2363 458 2397 illustrium
478 2367 662 2409 principum
681 2363 885 2407 Sigismundi
902 2360 1228 2404 Brandeburgensis.
1247 2363 1333 2393 sacri
1355 2362 1485 2404 imperii
1507 2358 1778 2392 archicamerarii
1793 2361 1959 2391 consortis

88 2429 121 2458 et
139 2423 195 2458 filii
214 2426 319 2457 nostri
339 2426 517 2466 carissimi,
538 2428 569 2456 et
593 2424 713 2457 Jodoci
733 2428 763 2457 et
784 2423 938 2467 Procopii
954 2421 1107 2455 Moravie
1128 2420 1369 2462 marchionum,
1392 2420 1530 2452 fratrum
1551 2423 1741 2452 nostrorum
1763 2418 1959 2451 dilectorum

89 2489 122 2518 et
149 2487 198 2518 eis
228 2484 479 2526 adherencium,
508 2488 603 2529 parte
632 2495 676 2517 ex
705 2484 821 2525 altera,
851 2482 970 2516 habitis
1000 2486 1031 2514 et
1060 2480 1205 2514 subortis
1234 2491 1339 2525 usque
1368 2490 1523 2525 presens.
1572 2478 1807 2512 Promittentes
1842 2478 1959 2511 eadem

88 2544 176 2578 hona
205 2544 269 2577 fide
298 2548 412 2577 nostra
441 2543 528 2577 dicto
559 2547 775 2578 serenissimo
805 2548 837 2576 et
866 2545 1040 2575 carissimo
1071 2540 1164 2574 fratri
1194 2544 1310 2574 nostro
1339 2540 1472 2573 domino
1492 2538 1711 2581 U‘enoeslao,
1732 2538 1960 2571 Romanorum

91 2609 122 2638 et
150 2603 312 2638 Bohemie
340 2607 427 2649 regi,
471 2604 558 2649 quod
587 2604 743 2649 quidquid
771 2606 842 2648 ipse
872 2605 957 2636 inter
994 2612 1054 2635 nos
1083 2605 1242 2644 utrasque
1280 2604 1390 2644 partes
1423 2598 1601 2644 predictas.
1632 2598 1749 2631 auditis
1784 2597 1958 2642 utrobique

87 2667 210 2698 nostris
238 2663 481 2698 intencionibus
511 2663 807 2697 informacionibus
837 2663 982 2696 articulis
1013 2666 1043 2694 et
1070 2663 1215 2694 motivis.
1244 2663 1418 2704 signanter
1447 2670 1548 2704 super
1573 2658 1722 2703 capitulis
1750 2657 1955 2702 subscriptis.
