<?xml version="1.0" encoding="UTF-8"?>
<!DOCTYPE html PUBLIC "-//W3C//DTD XHTML 1.0 Transitional//EN"
    "http://www.w3.org/TR/xhtml1/DTD/xhtml1-transitional.dtd">
<html xmlns="http://www.w3.org/1999/xhtml" xml:lang="en" lang="en">
 <head>
  <title>
</title>
<meta http-equiv="Content-Type" content="text/html;charset=utf-8" />
  <meta name='ocr-system' content='tesseract 3.04.00' />
  <meta name='ocr-capabilities' content='ocr_page ocr_carea ocr_par ocr_line ocrx_word'/>
</head>
<body>
  <div class='ocr_page' id='page_1' title='image "./codexdiplomaticu11morauoft_0272.png"; bbox 0 0 2336 3074; ppageno 0'>
   <div class='ocr_carea' id='block_1_1' title="bbox 1261 196 1336 229">
    <p class='ocr_par' dir='ltr' id='par_1_1' title="bbox 1261 196 1336 229">
     <span class='ocr_line' id='line_1_1' title="bbox 1261 196 1336 229; baseline -0.013 0"><span class='ocrx_word' id='word_1_1' title='bbox 1261 196 1336 229; x_wconf 57' lang='lat'>21⁵</span> 
     </span>
    </p>
   </div>
   <div class='ocr_carea' id='block_1_2' title="bbox 369 298 2227 530">
    <p class='ocr_par' dir='ltr' id='par_1_2' title="bbox 369 298 2227 470">
     <span class='ocr_line' id='line_1_2' title="bbox 370 298 2227 352; baseline -0.003 -14"><span class='ocrx_word' id='word_1_2' title='bbox 370 319 451 352; x_wconf 65' lang='lat' dir='ltr'>papi·</span> <span class='ocrx_word' id='word_1_3' title='bbox 483 307 535 339; x_wconf 68' lang='lat' dir='ltr'>xl.</span> <span class='ocrx_word' id='word_1_4' title='bbox 569 306 704 351; x_wconf 66' lang='lat' dir='ltr'>pri-dicti</span> <span class='ocrx_word' id='word_1_5' title='bbox 735 316 820 337; x_wconf 79' lang='lat' dir='ltr'>anuo</span> <span class='ocrx_word' id='word_1_6' title='bbox 851 306 974 348; x_wconf 78' lang='lat' dir='ltr'>quinto.</span> <span class='ocrx_word' id='word_1_7' title='bbox 1025 300 1236 335; x_wconf 74' lang='lat' dir='ltr'>t’r‹·s‹·ntil·us</span> <span class='ocrx_word' id='word_1_8' title='bbox 1276 298 1394 332; x_wconf 75' lang='lat' dir='ltr'>ibidem</span> <span class='ocrx_word' id='word_1_9' title='bbox 1426 300 1577 333; x_wconf 69' lang='lat' dir='ltr'>disci-vtis</span> <span class='ocrx_word' id='word_1_10' title='bbox 1608 304 1687 334; x_wconf 64' lang='lat' dir='ltr'>viris</span> <span class='ocrx_word' id='word_1_11' title='bbox 1717 305 1876 342; x_wconf 60' lang='lat' dir='ltr'>mag-istro</span> <span class='ocrx_word' id='word_1_12' title='bbox 1905 300 2003 334; x_wconf 76' lang='lat' dir='ltr'>Petro</span> <span class='ocrx_word' id='word_1_13' title='bbox 2039 299 2227 343; x_wconf 72' lang='lat' dir='ltr'>Licbtuger,</span> 
     </span>
     <span class='ocr_line' id='line_1_3' title="bbox 370 359 2227 411; baseline -0.003 -12"><span class='ocrx_word' id='word_1_14' title='bbox 370 370 496 399; x_wconf 74' lang='lat' dir='ltr'>notario</span> <span class='ocrx_word' id='word_1_15' title='bbox 534 366 673 411; x_wconf 66' lang='lat' dir='ltr'>publico.</span> <span class='ocrx_word' id='word_1_16' title='bbox 710 364 818 397; x_wconf 68' lang='lat' dir='ltr'>sci-iba</span> <span class='ocrx_word' id='word_1_17' title='bbox 850 368 976 398; x_wconf 80' lang='lat' dir='ltr'>nostro.</span> <span class='ocrx_word' id='word_1_18' title='bbox 1006 367 1034 396; x_wconf 74' lang='lat' dir='ltr'>et</span> <span class='ocrx_word' id='word_1_19' title='bbox 1067 361 1219 395; x_wconf 74' lang='lat' dir='ltr'>(lei-ardo</span> <span class='ocrx_word' id='word_1_20' title='bbox 1255 360 1294 393; x_wconf 78' lang='lat' dir='ltr'>dc</span> <span class='ocrx_word' id='word_1_21' title='bbox 1326 359 1433 393; x_wconf 77' lang='lat' dir='ltr'>Berka</span> <span class='ocrx_word' id='word_1_22' title='bbox 1473 361 1602 394; x_wconf 73' lang='lat' dir='ltr'>clericis</span> <span class='ocrx_word' id='word_1_23' title='bbox 1641 362 1912 395; x_wconf 69' lang='lat' dir='ltr'>l‘oustancieusis</span> <span class='ocrx_word' id='word_1_24' title='bbox 1949 365 1982 394; x_wconf 82' lang='lat' dir='ltr'>et</span> <span class='ocrx_word' id='word_1_25' title='bbox 2019 361 2227 395; x_wconf 75' lang='lat' dir='ltr'>Coloniensis</span> 
     </span>
     <span class='ocr_line' id='line_1_4' title="bbox 369 421 1542 470; baseline -0.001 -13"><span class='ocrx_word' id='word_1_26' title='bbox 369 428 509 459; x_wconf 64' lang='lat' dir='ltr'>diocesis</span> <span class='ocrx_word' id='word_1_27' title='bbox 541 426 676 458; x_wconf 71' lang='lat' dir='ltr'>testibus</span> <span class='ocrx_word' id='word_1_28' title='bbox 706 425 744 457; x_wconf 79' lang='lat' dir='ltr'>:ul</span> <span class='ocrx_word' id='word_1_29' title='bbox 775 427 936 470; x_wconf 75' lang='lat' dir='ltr'>premissa</span> <span class='ocrx_word' id='word_1_30' title='bbox 968 427 1096 457; x_wconf 76' lang='lat' dir='ltr'>vocatis</span> <span class='ocrx_word' id='word_1_31' title='bbox 1125 421 1315 467; x_wconf 75' lang='lat' dir='ltr'>specialiter</span> <span class='ocrx_word' id='word_1_32' title='bbox 1344 425 1375 453; x_wconf 77' lang='lat' dir='ltr'>cl</span> <span class='ocrx_word' id='word_1_33' title='bbox 1405 425 1542 465; x_wconf 63' lang='lat' dir='ltr'>rogatis.</span> 
     </span>
    </p>

    <p class='ocr_par' dir='ltr' id='par_1_3' title="bbox 525 483 2074 530">
     <span class='ocr_line' id='line_1_5' title="bbox 525 483 2074 530; baseline -0.002 -12"><span class='ocrx_word' id='word_1_34' title='bbox 525 486 559 519; x_wconf 79' lang='lat' dir='ltr'>Et</span> <span class='ocrx_word' id='word_1_35' title='bbox 592 497 643 518; x_wconf 74' lang='lat' dir='ltr'>me</span> <span class='ocrx_word' id='word_1_36' title='bbox 672 485 824 518; x_wconf 79' lang='lat' dir='ltr'>Joliunuc</span> <span class='ocrx_word' id='word_1_37' title='bbox 856 485 988 530; x_wconf 62' lang='lat' dir='ltr'>lloltey.</span> <span class='ocrx_word' id='word_1_38' title='bbox 1019 485 1142 518; x_wconf 74' lang='lat' dir='ltr'>clerico</span> <span class='ocrx_word' id='word_1_39' title='bbox 1172 484 1383 518; x_wconf 72' lang='lat' dir='ltr'>cotoniensis</span> <span class='ocrx_word' id='word_1_40' title='bbox 1413 485 1568 519; x_wconf 78' lang='lat' dir='ltr'>diocesis.</span> <span class='ocrx_word' id='word_1_41' title='bbox 1599 483 1728 530; x_wconf 89' lang='lat' dir='ltr'>publico</span> <span class='ocrx_word' id='word_1_42' title='bbox 1758 488 1822 516; x_wconf 80' lang='lat' dir='ltr'>etc.</span> <span class='ocrx_word' id='word_1_43' title='bbox 1853 485 1982 516; x_wconf 86' lang='lat' dir='ltr'>notario</span> <span class='ocrx_word' id='word_1_44' title='bbox 2011 487 2074 516; x_wconf 81' lang='lat' dir='ltr'>etc.</span> 
     </span>
    </p>
   </div>
   <div class='ocr_carea' id='block_1_3' title="bbox 678 561 2227 597">
    <p class='ocr_par' dir='ltr' id='par_1_4' title="bbox 678 561 2227 597">
     <span class='ocr_line' id='line_1_6' title="bbox 678 561 2227 597; baseline -0.001 -10"><span class='ocrx_word' id='word_1_45' title='bbox 678 564 767 595; x_wconf 63' lang='lat' dir='ltr'>itti-ig.</span> <span class='ocrx_word' id='word_1_46' title='bbox 794 564 873 596; x_wconf 59' lang='lat' dir='ltr'>l&#39;vrg.</span> <span class='ocrx_word' id='word_1_47' title='bbox 907 573 941 588; x_wconf 83' lang='lat' dir='ltr'>:in</span> <span class='ocrx_word' id='word_1_48' title='bbox 975 567 1083 595; x_wconf 60' lang='lat' dir='ltr'>griineu</span> <span class='ocrx_word' id='word_1_49' title='bbox 1118 563 1281 589; x_wconf 58' lang='lat' dir='ltr'>llanffstden</span> <span class='ocrx_word' id='word_1_50' title='bbox 1315 564 1341 591; x_wconf 77' lang='lat' dir='ltr'>li.</span> <span class='ocrx_word' id='word_1_51' title='bbox 1367 563 1425 597; x_wconf 53' lang='grc' dir='ltr'>Εἰς.</span> <span class='ocrx_word' id='word_1_52' title='bbox 1452 564 1479 588; x_wconf 83' lang='grc' dir='ltr'>ἰιι</span> <span class='ocrx_word' id='word_1_53' title='bbox 1513 563 1565 588; x_wconf 82' lang='lat' dir='ltr'>deu</span> <span class='ocrx_word' id='word_1_54' title='bbox 1601 563 1693 589; x_wconf 63' lang='lat' dir='ltr'>Akten</span> <span class='ocrx_word' id='word_1_55' title='bbox 1727 563 1776 588; x_wconf 80' lang='lat' dir='ltr'>des</span> <span class='ocrx_word' id='word_1_56' title='bbox 1809 563 1939 588; x_wconf 71' lang='lat' dir='ltr'>lx&#39;losters</span> <span class='ocrx_word' id='word_1_57' title='bbox 1971 562 2061 587; x_wconf 82' lang='lat' dir='ltr'>Maria</span> <span class='ocrx_word' id='word_1_58' title='bbox 2094 561 2159 587; x_wconf 84' lang='lat' dir='ltr'>Saal</span> <span class='ocrx_word' id='word_1_59' title='bbox 2191 561 2227 586; x_wconf 84' lang='lat' dir='ltr'>im</span> 
     </span>
    </p>
   </div>
   <div class='ocr_carea' id='block_1_4' title="bbox 783 616 1036 642">
    <p class='ocr_par' dir='ltr' id='par_1_5' title="bbox 783 616 1036 642">
     <span class='ocr_line' id='line_1_7' title="bbox 783 616 1036 642; baseline 0.008 -3"><span class='ocrx_word' id='word_1_60' title='bbox 783 616 1036 642; x_wconf 60' lang='lat' dir='ltr'>Landosarchivv.)</span> 
     </span>
    </p>
   </div>
   <div class='ocr_carea' id='block_1_5' title="bbox 1248 770 1356 806">
    <p class='ocr_par' dir='ltr' id='par_1_6' title="bbox 1248 770 1356 806">
     <span class='ocr_line' id='line_1_8' title="bbox 1248 770 1356 806; baseline -0.009 0"><span class='ocrx_word' id='word_1_61' title='bbox 1248 770 1356 806; x_wconf 71' lang='lat'>277.</span> 
     </span>
    </p>
   </div>
   <div class='ocr_carea' id='block_1_6' title="bbox 371 872 2230 980">
    <p class='ocr_par' dir='ltr' id='par_1_7' title="bbox 371 872 2230 980">
     <span class='ocr_line' id='line_1_9' title="bbox 371 872 2230 919; baseline 0 -13"><span class='ocrx_word' id='word_1_62' title='bbox 371 874 441 907; x_wconf 71' lang='lat' dir='ltr'>Der</span> <span class='ocrx_word' id='word_1_63' title='bbox 464 874 530 906; x_wconf 63' lang='lat' dir='ltr'>Ab!</span> <span class='ocrx_word' id='word_1_64' title='bbox 552 885 614 907; x_wconf 72' lang='lat' dir='ltr'>rou</span> <span class='ocrx_word' id='word_1_65' title='bbox 637 873 687 907; x_wconf 80' lang='lat' dir='ltr'>St.</span> <span class='ocrx_word' id='word_1_66' title='bbox 716 873 862 908; x_wconf 64' lang='lat' dir='ltr'>sim-eu:-</span> <span class='ocrx_word' id='word_1_67' title='bbox 882 876 914 907; x_wconf 71' lang='lat'>1⁹11</span> <span class='ocrx_word' id='word_1_68' title='bbox 938 873 1088 908; x_wconf 80' lang='lat' dir='ltr'>Breslau</span> <span class='ocrx_word' id='word_1_69' title='bbox 1106 875 1242 919; x_wconf 72' lang='lat' dir='ltr'>soi-der!</span> <span class='ocrx_word' id='word_1_70' title='bbox 1263 876 1318 908; x_wconf 79' lang='lat' dir='ltr'>die</span> <span class='ocrx_word' id='word_1_71' title='bbox 1340 875 1485 919; x_wconf 78' lang='lat' dir='ltr'>I’farrer</span> <span class='ocrx_word' id='word_1_72' title='bbox 1514 876 1545 907; x_wconf 76' lang='grc' dir='ltr'>ἱη</span> <span class='ocrx_word' id='word_1_73' title='bbox 1570 873 1702 907; x_wconf 71' lang='lat' dir='ltr'>Olnmtz</span> <span class='ocrx_word' id='word_1_74' title='bbox 1728 876 1791 906; x_wconf 75' lang='lat' dir='ltr'>ete.</span> <span class='ocrx_word' id='word_1_75' title='bbox 1814 874 1883 917; x_wconf 78' lang='lat' dir='ltr'>auf.</span> <span class='ocrx_word' id='word_1_76' title='bbox 1906 873 1959 906; x_wconf 79' lang='lat' dir='ltr'>die</span> <span class='ocrx_word' id='word_1_77' title='bbox 1982 872 2230 906; x_wconf 75' lang='lat' dir='ltr'>Gewalttha&#39;ter</span> 
     </span>
     <span class='ocr_line' id='line_1_10' title="bbox 471 932 2121 980; baseline 0 -13"><span class='ocrx_word' id='word_1_78' title='bbox 471 935 532 967; x_wconf 73' lang='lat' dir='ltr'>der</span> <span class='ocrx_word' id='word_1_79' title='bbox 564 934 646 967; x_wconf 83' lang='lat' dir='ltr'><em>Olm.</em></span> <span class='ocrx_word' id='word_1_80' title='bbox 680 934 888 968; x_wconf 72' lang='lat' dir='ltr'>Dornlsirclee</span> <span class='ocrx_word' id='word_1_81' title='bbox 918 935 1004 968; x_wconf 79' lang='lat' dir='ltr'>nach</span> <span class='ocrx_word' id='word_1_82' title='bbox 1036 934 1187 968; x_wconf 76' lang='lat' dir='ltr'>Breslau</span> <span class='ocrx_word' id='word_1_83' title='bbox 1218 947 1257 969; x_wconf 70' lang='lat' dir='ltr'>zu</span> <span class='ocrx_word' id='word_1_84' title='bbox 1287 937 1419 969; x_wconf 60' lang='lat' dir='ltr'>sitiret).</span> <span class='ocrx_word' id='word_1_85' title='bbox 1452 933 1525 980; x_wconf 57' lang='lat' dir='ltr'>{DA</span> <span class='ocrx_word' id='word_1_86' title='bbox 1561 935 1730 979; x_wconf 74' lang='lat' dir='ltr'>Opaloric</span> <span class='ocrx_word' id='word_1_87' title='bbox 1763 934 1817 969; x_wconf 84' lang='lat'>13.</span> <span class='ocrx_word' id='word_1_88' title='bbox 1852 933 1979 967; x_wconf 77' lang='lat' dir='ltr'>Norbr.</span> <span class='ocrx_word' id='word_1_89' title='bbox 2014 932 2121 967; x_wconf 84' lang='grc'><em>1382.</em></span> 
     </span>
    </p>
   </div>
   <div class='ocr_carea' id='block_1_7' title="bbox 365 1010 2231 2714">
    <p class='ocr_par' dir='ltr' id='par_1_8' title="bbox 365 1010 2231 2714">
     <span class='ocr_line' id='line_1_11' title="bbox 529 1010 2227 1078; baseline 0.001 -14"><span class='ocrx_word' id='word_1_90' title='bbox 529 1010 691 1064; x_wconf 66' lang='lat' dir='ltr'>luamus</span> <span class='ocrx_word' id='word_1_91' title='bbox 712 1033 934 1064; x_wconf 68' lang='lat' dir='ltr'>miseracione</span> <span class='ocrx_word' id='word_1_92' title='bbox 963 1030 1073 1064; x_wconf 74' lang='lat' dir='ltr'>divina</span> <span class='ocrx_word' id='word_1_93' title='bbox 1094 1030 1197 1065; x_wconf 87' lang='lat' dir='ltr'>abbas</span> <span class='ocrx_word' id='word_1_94' title='bbox 1227 1035 1419 1065; x_wconf 82' lang='lat' dir='ltr'>monasterii</span> <span class='ocrx_word' id='word_1_95' title='bbox 1440 1034 1543 1066; x_wconf 89' lang='lat' dir='ltr'>sancti</span> <span class='ocrx_word' id='word_1_96' title='bbox 1565 1031 1739 1066; x_wconf 86' lang='lat' dir='ltr'>Vincencii</span> <span class='ocrx_word' id='word_1_97' title='bbox 1767 1043 1872 1078; x_wconf 82' lang='lat' dir='ltr'>prope</span> <span class='ocrx_word' id='word_1_98' title='bbox 1892 1043 2005 1066; x_wconf 89' lang='lat' dir='ltr'>muros</span> <span class='ocrx_word' id='word_1_99' title='bbox 2030 1031 2227 1066; x_wconf 80' lang='lat' dir='ltr'>VVratislav.</span> 
     </span>
     <span class='ocr_line' id='line_1_12' title="bbox 365 1090 2228 1138; baseline 0.002 -16"><span class='ocrx_word' id='word_1_100' title='bbox 365 1090 490 1124; x_wconf 76' lang='lat' dir='ltr'>ordinis</span> <span class='ocrx_word' id='word_1_101' title='bbox 511 1090 829 1125; x_wconf 81' lang='lat' dir='ltr'>Premonstratensis</span> <span class='ocrx_word' id='word_1_102' title='bbox 853 1091 960 1135; x_wconf 82' lang='lat' dir='ltr'>judex</span> <span class='ocrx_word' id='word_1_103' title='bbox 989 1096 1021 1125; x_wconf 84' lang='lat' dir='ltr'>ct</span> <span class='ocrx_word' id='word_1_104' title='bbox 1050 1097 1272 1126; x_wconf 83' lang='lat' dir='ltr'>conservator</span> <span class='ocrx_word' id='word_1_105' title='bbox 1291 1093 1480 1138; x_wconf 89' lang='lat' dir='ltr'>principalis</span> <span class='ocrx_word' id='word_1_106' title='bbox 1510 1094 1616 1137; x_wconf 87' lang='lat' dir='ltr'>jurum</span> <span class='ocrx_word' id='word_1_107' title='bbox 1644 1097 1674 1127; x_wconf 85' lang='lat' dir='ltr'>et</span> <span class='ocrx_word' id='word_1_108' title='bbox 1705 1093 1956 1138; x_wconf 81' lang='lat' dir='ltr'>privilegiorum</span> <span class='ocrx_word' id='word_1_109' title='bbox 1988 1092 2228 1126; x_wconf 85' lang='lat' dir='ltr'>venerabilium</span> 
     </span>
     <span class='ocr_line' id='line_1_13' title="bbox 365 1151 2229 1199; baseline 0.001 -15"><span class='ocrx_word' id='word_1_110' title='bbox 365 1151 574 1185; x_wconf 89' lang='lat' dir='ltr'>dominorum</span> <span class='ocrx_word' id='word_1_111' title='bbox 597 1179 603 1185; x_wconf 93' lang='lat'><strong>.</strong></span> <span class='ocrx_word' id='word_1_112' title='bbox 627 1180 633 1185; x_wconf 96' lang='lat'>.</span> <span class='ocrx_word' id='word_1_113' title='bbox 656 1152 772 1186; x_wconf 90' lang='lat' dir='ltr'>decani</span> <span class='ocrx_word' id='word_1_114' title='bbox 803 1157 832 1186; x_wconf 85' lang='lat' dir='ltr'>et</span> <span class='ocrx_word' id='word_1_115' title='bbox 855 1153 988 1198; x_wconf 78' lang='lat' dir='ltr'>capituli</span> <span class='ocrx_word' id='word_1_116' title='bbox 1017 1153 1161 1186; x_wconf 83' lang='lat' dir='ltr'>ecclesie</span> <span class='ocrx_word' id='word_1_117' title='bbox 1183 1152 1415 1187; x_wconf 71' lang='lat' dir='ltr'>olomucensis</span> <span class='ocrx_word' id='word_1_118' title='bbox 1445 1164 1508 1186; x_wconf 89' lang='lat' dir='ltr'>una</span> <span class='ocrx_word' id='word_1_119' title='bbox 1537 1164 1611 1187; x_wconf 91' lang='lat' dir='ltr'>cum</span> <span class='ocrx_word' id='word_1_120' title='bbox 1642 1154 1839 1188; x_wconf 81' lang='lat' dir='ltr'>reverendis</span> <span class='ocrx_word' id='word_1_121' title='bbox 1868 1157 1898 1187; x_wconf 94' lang='lat' dir='ltr'>in</span> <span class='ocrx_word' id='word_1_122' title='bbox 1929 1152 2061 1187; x_wconf 88' lang='lat' dir='ltr'>Cbristo</span> <span class='ocrx_word' id='word_1_123' title='bbox 2082 1152 2229 1199; x_wconf 84' lang='lat' dir='ltr'>patribus</span> 
     </span>
     <span class='ocr_line' id='line_1_14' title="bbox 365 1211 2230 1260; baseline 0.001 -15"><span class='ocrx_word' id='word_1_124' title='bbox 365 1222 403 1244; x_wconf 85' lang='lat' dir='ltr'>ac</span> <span class='ocrx_word' id='word_1_125' title='bbox 433 1211 574 1246; x_wconf 90' lang='lat' dir='ltr'>dominis</span> <span class='ocrx_word' id='word_1_126' title='bbox 611 1213 779 1246; x_wconf 91' lang='lat' dir='ltr'>dominis.</span> <span class='ocrx_word' id='word_1_127' title='bbox 806 1241 812 1246; x_wconf 93' lang='lat'>.</span> <span class='ocrx_word' id='word_1_128' title='bbox 842 1213 1030 1247; x_wconf 81' lang='lat' dir='ltr'>Pataviensi</span> <span class='ocrx_word' id='word_1_129' title='bbox 1060 1218 1092 1247; x_wconf 83' lang='lat' dir='ltr'>ct</span> <span class='ocrx_word' id='word_1_130' title='bbox 1114 1241 1120 1247; x_wconf 93' lang='lat'>.</span> <span class='ocrx_word' id='word_1_131' title='bbox 1144 1241 1150 1247; x_wconf 97' lang='lat'>.</span> <span class='ocrx_word' id='word_1_132' title='bbox 1182 1212 1400 1247; x_wconf 85' lang='lat' dir='ltr'>Cracoviensi</span> <span class='ocrx_word' id='word_1_133' title='bbox 1438 1217 1604 1260; x_wconf 90' lang='lat' dir='ltr'>episcopis</span> <span class='ocrx_word' id='word_1_134' title='bbox 1642 1225 1715 1248; x_wconf 92' lang='lat' dir='ltr'>cum</span> <span class='ocrx_word' id='word_1_135' title='bbox 1754 1214 1912 1250; x_wconf 78' lang='lat' dir='ltr'>clausula.</span> <span class='ocrx_word' id='word_1_136' title='bbox 1944 1218 2129 1259; x_wconf 82' lang='lat' dir='ltr'>„quatenus</span> <span class='ocrx_word' id='word_1_137' title='bbox 2166 1224 2230 1247; x_wconf 86' lang='lat' dir='ltr'>vos</span> 
     </span>
     <span class='ocr_line' id='line_1_15' title="bbox 365 1272 2230 1321; baseline 0.002 -16"><span class='ocrx_word' id='word_1_138' title='bbox 365 1272 419 1305; x_wconf 79' lang='lat' dir='ltr'>vel</span> <span class='ocrx_word' id='word_1_139' title='bbox 448 1284 532 1306; x_wconf 91' lang='lat' dir='ltr'>unus</span> <span class='ocrx_word' id='word_1_140' title='bbox 570 1278 718 1307; x_wconf 87' lang='lat' dir='ltr'>vestrum</span> <span class='ocrx_word' id='word_1_141' title='bbox 749 1278 810 1307; x_wconf 78' lang='lat' dir='ltr'>etc.</span> <span class='ocrx_word' id='word_1_142' title='bbox 852 1285 869 1307; x_wconf 88' lang='lat' dir='ltr'>a</span> <span class='ocrx_word' id='word_1_143' title='bbox 899 1274 980 1307; x_wconf 89' lang='lat' dir='ltr'>sede</span> <span class='ocrx_word' id='word_1_144' title='bbox 1018 1274 1199 1319; x_wconf 89' lang='lat' dir='ltr'>apostolica</span> <span class='ocrx_word' id='word_1_145' title='bbox 1235 1279 1267 1307; x_wconf 85' lang='lat' dir='ltr'>et</span> <span class='ocrx_word' id='word_1_146' title='bbox 1301 1277 1371 1308; x_wconf 90' lang='lat' dir='ltr'>eius</span> <span class='ocrx_word' id='word_1_147' title='bbox 1409 1278 1605 1309; x_wconf 84' lang='lat' dir='ltr'>auctoritate</span> <span class='ocrx_word' id='word_1_148' title='bbox 1643 1275 1832 1321; x_wconf 73' lang='lat' dir='ltr'>specialiter</span> <span class='ocrx_word' id='word_1_149' title='bbox 1867 1275 2040 1320; x_wconf 86' lang='lat' dir='ltr'>deputatus</span> <span class='ocrx_word' id='word_1_150' title='bbox 2078 1275 2230 1309; x_wconf 87' lang='lat' dir='ltr'>diseretis</span> 
     </span>
     <span class='ocr_line' id='line_1_16' title="bbox 366 1333 2229 1380; baseline 0.002 -15"><span class='ocrx_word' id='word_1_151' title='bbox 366 1335 446 1366; x_wconf 81' lang='lat' dir='ltr'>viris</span> <span class='ocrx_word' id='word_1_152' title='bbox 476 1333 616 1367; x_wconf 83' lang='lat' dir='ltr'>dominis</span> <span class='ocrx_word' id='word_1_153' title='bbox 645 1337 749 1367; x_wconf 83' lang='lat' dir='ltr'>sancti</span> <span class='ocrx_word' id='word_1_154' title='bbox 779 1334 929 1368; x_wconf 85' lang='lat' dir='ltr'>Mauricii</span> <span class='ocrx_word' id='word_1_155' title='bbox 959 1337 990 1367; x_wconf 95' lang='lat' dir='ltr'>in</span> <span class='ocrx_word' id='word_1_156' title='bbox 1021 1335 1182 1368; x_wconf 86' lang='lat' dir='ltr'>Olomucz</span> <span class='ocrx_word' id='word_1_157' title='bbox 1211 1339 1241 1367; x_wconf 83' lang='lat' dir='ltr'>et</span> <span class='ocrx_word' id='word_1_158' title='bbox 1272 1334 1368 1369; x_wconf 82' lang='lat' dir='ltr'>beate</span> <span class='ocrx_word' id='word_1_159' title='bbox 1396 1335 1502 1369; x_wconf 85' lang='lat' dir='ltr'>Marie</span> <span class='ocrx_word' id='word_1_160' title='bbox 1532 1338 1672 1380; x_wconf 72' lang='lat' dir='ltr'>virginis</span> <span class='ocrx_word' id='word_1_161' title='bbox 1701 1335 1850 1380; x_wconf 79' lang='lat' dir='ltr'>gloriose</span> <span class='ocrx_word' id='word_1_162' title='bbox 1879 1340 1911 1369; x_wconf 88' lang='lat' dir='ltr'>et</span> <span class='ocrx_word' id='word_1_163' title='bbox 1938 1337 2043 1368; x_wconf 83' lang='lat' dir='ltr'>sancti</span> <span class='ocrx_word' id='word_1_164' title='bbox 2081 1335 2168 1369; x_wconf 86' lang='lat' dir='ltr'>Petri</span> <span class='ocrx_word' id='word_1_165' title='bbox 2197 1337 2229 1368; x_wconf 90' lang='lat' dir='ltr'>in</span> 
     </span>
     <span class='ocr_line' id='line_1_17' title="bbox 365 1392 2228 1440; baseline 0.002 -14"><span class='ocrx_word' id='word_1_166' title='bbox 365 1392 523 1427; x_wconf 84' lang='lat' dir='ltr'>suburbio</span> <span class='ocrx_word' id='word_1_167' title='bbox 563 1394 777 1427; x_wconf 68' lang='lat' dir='ltr'>olomucensi</span> <span class='ocrx_word' id='word_1_168' title='bbox 816 1399 847 1428; x_wconf 80' lang='lat' dir='ltr'>et</span> <span class='ocrx_word' id='word_1_169' title='bbox 884 1397 915 1428; x_wconf 89' lang='lat' dir='ltr'>in</span> <span class='ocrx_word' id='word_1_170' title='bbox 951 1394 1105 1440; x_wconf 61' lang='lat' dir='ltr'>Bystricz</span> <span class='ocrx_word' id='word_1_171' title='bbox 1143 1400 1174 1428; x_wconf 90' lang='lat' dir='ltr'>et</span> <span class='ocrx_word' id='word_1_172' title='bbox 1211 1398 1243 1428; x_wconf 95' lang='lat' dir='ltr'>in</span> <span class='ocrx_word' id='word_1_173' title='bbox 1272 1395 1379 1429; x_wconf 88' lang='lat' dir='ltr'>Dolau</span> <span class='ocrx_word' id='word_1_174' title='bbox 1417 1407 1456 1429; x_wconf 88' lang='lat' dir='ltr'>ac</span> <span class='ocrx_word' id='word_1_175' title='bbox 1485 1396 1556 1429; x_wconf 88' lang='lat' dir='ltr'>aliis</span> <span class='ocrx_word' id='word_1_176' title='bbox 1585 1395 1737 1429; x_wconf 91' lang='lat' dir='ltr'>omnibus</span> <span class='ocrx_word' id='word_1_177' title='bbox 1767 1400 1799 1429; x_wconf 88' lang='lat' dir='ltr'>ct</span> <span class='ocrx_word' id='word_1_178' title='bbox 1834 1396 1972 1439; x_wconf 63' lang='lat' dir='ltr'>singulis</span> <span class='ocrx_word' id='word_1_179' title='bbox 2010 1395 2228 1429; x_wconf 87' lang='lat' dir='ltr'>ecclesiarum</span> 
     </span>
     <span class='ocr_line' id='line_1_18' title="bbox 365 1453 2229 1502; baseline 0.001 -15"><span class='ocrx_word' id='word_1_180' title='bbox 365 1453 553 1487; x_wconf 81' lang='lat' dir='ltr'>rectoribus</span> <span class='ocrx_word' id='word_1_181' title='bbox 575 1457 604 1487; x_wconf 92' lang='lat' dir='ltr'>in</span> <span class='ocrx_word' id='word_1_182' title='bbox 628 1455 766 1500; x_wconf 56' lang='lat' dir='ltr'>dyocesi</span> <span class='ocrx_word' id='word_1_183' title='bbox 788 1455 1002 1489; x_wconf 87' lang='lat' dir='ltr'>Olomucensi</span> <span class='ocrx_word' id='word_1_184' title='bbox 1024 1458 1209 1489; x_wconf 86' lang='lat' dir='ltr'>constitutis</span> <span class='ocrx_word' id='word_1_185' title='bbox 1230 1456 1369 1489; x_wconf 83' lang='lat' dir='ltr'>salutem</span> <span class='ocrx_word' id='word_1_186' title='bbox 1390 1459 1421 1489; x_wconf 94' lang='lat' dir='ltr'>in</span> <span class='ocrx_word' id='word_1_187' title='bbox 1442 1456 1575 1490; x_wconf 92' lang='lat' dir='ltr'>domino</span> <span class='ocrx_word' id='word_1_188' title='bbox 1597 1461 1626 1489; x_wconf 89' lang='lat' dir='ltr'>et</span> <span class='ocrx_word' id='word_1_189' title='bbox 1654 1459 1777 1490; x_wconf 91' lang='lat' dir='ltr'>nostris</span> <span class='ocrx_word' id='word_1_190' title='bbox 1797 1467 1876 1502; x_wconf 74' lang='lat' dir='ltr'>ymo</span> <span class='ocrx_word' id='word_1_191' title='bbox 1896 1459 2010 1490; x_wconf 83' lang='lat' dir='ltr'>verius</span> <span class='ocrx_word' id='word_1_192' title='bbox 2039 1456 2229 1502; x_wconf 88' lang='lat' dir='ltr'>apostolicis</span> 
     </span>
     <span class='ocr_line' id='line_1_19' title="bbox 365 1514 2230 1563; baseline 0.002 -16"><span class='ocrx_word' id='word_1_193' title='bbox 365 1514 502 1548; x_wconf 78' lang='lat' dir='ltr'>tirmiter</span> <span class='ocrx_word' id='word_1_194' title='bbox 531 1519 560 1547; x_wconf 80' lang='lat' dir='ltr'>et</span> <span class='ocrx_word' id='word_1_195' title='bbox 592 1515 756 1549; x_wconf 75' lang='lat' dir='ltr'>humiliter</span> <span class='ocrx_word' id='word_1_196' title='bbox 785 1515 921 1549; x_wconf 85' lang='lat' dir='ltr'>obedire</span> <span class='ocrx_word' id='word_1_197' title='bbox 951 1516 1125 1550; x_wconf 78' lang='lat' dir='ltr'>mandatis,</span> <span class='ocrx_word' id='word_1_198' title='bbox 1156 1516 1296 1550; x_wconf 77' lang='lat' dir='ltr'>Litteras</span> <span class='ocrx_word' id='word_1_199' title='bbox 1325 1519 1524 1551; x_wconf 67' lang='lat' dir='ltr'>sanctissimi</span> <span class='ocrx_word' id='word_1_200' title='bbox 1553 1520 1584 1550; x_wconf 94' lang='lat' dir='ltr'>in</span> <span class='ocrx_word' id='word_1_201' title='bbox 1614 1516 1746 1551; x_wconf 89' lang='lat' dir='ltr'>Christo</span> <span class='ocrx_word' id='word_1_202' title='bbox 1775 1519 1877 1563; x_wconf 88' lang='lat' dir='ltr'>patris</span> <span class='ocrx_word' id='word_1_203' title='bbox 1907 1528 1944 1550; x_wconf 88' lang='lat' dir='ltr'>ac</span> <span class='ocrx_word' id='word_1_204' title='bbox 1974 1516 2095 1551; x_wconf 91' lang='lat' dir='ltr'>domini</span> <span class='ocrx_word' id='word_1_205' title='bbox 2125 1519 2230 1551; x_wconf 88' lang='lat' dir='ltr'>nostri</span> 
     </span>
     <span class='ocr_line' id='line_1_20' title="bbox 365 1575 2231 1622; baseline 0.001 -14"><span class='ocrx_word' id='word_1_206' title='bbox 365 1575 487 1608; x_wconf 90' lang='lat' dir='ltr'>domini</span> <span class='ocrx_word' id='word_1_207' title='bbox 518 1575 642 1609; x_wconf 80' lang='lat' dir='ltr'>Urbani</span> <span class='ocrx_word' id='word_1_208' title='bbox 671 1576 781 1609; x_wconf 88' lang='lat' dir='ltr'>divina</span> <span class='ocrx_word' id='word_1_209' title='bbox 811 1576 1027 1621; x_wconf 75' lang='lat' dir='ltr'>providencia</span> <span class='ocrx_word' id='word_1_210' title='bbox 1058 1588 1143 1622; x_wconf 91' lang='lat' dir='ltr'>pape</span> <span class='ocrx_word' id='word_1_211' title='bbox 1172 1580 1258 1610; x_wconf 80' lang='lat' dir='ltr'>sexti</span> <span class='ocrx_word' id='word_1_212' title='bbox 1294 1589 1404 1613; x_wconf 75' lang='lat' dir='ltr'>sanas.</span> <span class='ocrx_word' id='word_1_213' title='bbox 1434 1577 1546 1611; x_wconf 90' lang='lat' dir='ltr'>salvas</span> <span class='ocrx_word' id='word_1_214' title='bbox 1575 1589 1613 1611; x_wconf 90' lang='lat' dir='ltr'>ac</span> <span class='ocrx_word' id='word_1_215' title='bbox 1642 1580 1803 1622; x_wconf 68' lang='lat' dir='ltr'>integras,</span> <span class='ocrx_word' id='word_1_216' title='bbox 1833 1589 1897 1611; x_wconf 92' lang='lat' dir='ltr'>non</span> <span class='ocrx_word' id='word_1_217' title='bbox 1931 1577 2131 1611; x_wconf 88' lang='lat' dir='ltr'>cancellatas</span> <span class='ocrx_word' id='word_1_218' title='bbox 2166 1588 2231 1611; x_wconf 87' lang='lat' dir='ltr'>nec</span> 
     </span>
     <span class='ocr_line' id='line_1_21' title="bbox 365 1636 2230 1684; baseline 0.002 -16"><span class='ocrx_word' id='word_1_219' title='bbox 365 1640 550 1681; x_wconf 77' lang='lat' dir='ltr'>suspectas.</span> <span class='ocrx_word' id='word_1_220' title='bbox 580 1636 638 1669; x_wconf 84' lang='lat' dir='ltr'>scd</span> <span class='ocrx_word' id='word_1_221' title='bbox 667 1640 755 1669; x_wconf 92' lang='lat' dir='ltr'>omni</span> <span class='ocrx_word' id='word_1_222' title='bbox 785 1648 922 1682; x_wconf 88' lang='lat' dir='ltr'>prorsus</span> <span class='ocrx_word' id='word_1_223' title='bbox 953 1639 1040 1670; x_wconf 92' lang='lat' dir='ltr'>vicio</span> <span class='ocrx_word' id='word_1_224' title='bbox 1070 1641 1102 1670; x_wconf 90' lang='lat' dir='ltr'>et</span> <span class='ocrx_word' id='word_1_225' title='bbox 1130 1640 1350 1683; x_wconf 86' lang='lat' dir='ltr'>suspeccione</span> <span class='ocrx_word' id='word_1_226' title='bbox 1379 1643 1534 1672; x_wconf 81' lang='lat' dir='ltr'>carentes</span> <span class='ocrx_word' id='word_1_227' title='bbox 1563 1641 1732 1684; x_wconf 85' lang='lat' dir='ltr'>ipsiusque</span> <span class='ocrx_word' id='word_1_228' title='bbox 1768 1650 1849 1672; x_wconf 88' lang='lat' dir='ltr'>vera</span> <span class='ocrx_word' id='word_1_229' title='bbox 1886 1637 1971 1671; x_wconf 90' lang='lat' dir='ltr'>bulla</span> <span class='ocrx_word' id='word_1_230' title='bbox 2010 1637 2162 1684; x_wconf 88' lang='lat' dir='ltr'>plumbea</span> <span class='ocrx_word' id='word_1_231' title='bbox 2197 1640 2230 1672; x_wconf 90' lang='lat' dir='ltr'>in</span> 
     </span>
     <span class='ocr_line' id='line_1_22' title="bbox 365 1696 2229 1744; baseline 0.002 -15"><span class='ocrx_word' id='word_1_232' title='bbox 365 1696 499 1729; x_wconf 91' lang='lat' dir='ltr'>cordula</span> <span class='ocrx_word' id='word_1_233' title='bbox 530 1707 677 1742; x_wconf 88' lang='lat' dir='ltr'>canapea</span> <span class='ocrx_word' id='word_1_234' title='bbox 707 1708 800 1730; x_wconf 85' lang='lat' dir='ltr'>more</span> <span class='ocrx_word' id='word_1_235' title='bbox 830 1697 980 1731; x_wconf 85' lang='lat' dir='ltr'>Romane</span> <span class='ocrx_word' id='word_1_236' title='bbox 1009 1701 1101 1731; x_wconf 88' lang='lat' dir='ltr'>curie</span> <span class='ocrx_word' id='word_1_237' title='bbox 1130 1698 1329 1744; x_wconf 83' lang='lat' dir='ltr'>dependenti</span> <span class='ocrx_word' id='word_1_238' title='bbox 1358 1698 1496 1732; x_wconf 89' lang='lat' dir='ltr'>bullatas</span> <span class='ocrx_word' id='word_1_239' title='bbox 1526 1710 1585 1733; x_wconf 91' lang='lat' dir='ltr'>nos</span> <span class='ocrx_word' id='word_1_240' title='bbox 1615 1711 1688 1732; x_wconf 83' lang='lat' dir='ltr'>curn</span> <span class='ocrx_word' id='word_1_241' title='bbox 1718 1710 1769 1739; x_wconf 71' lang='lat' dir='ltr'>ea,</span> <span class='ocrx_word' id='word_1_242' title='bbox 1799 1710 1862 1744; x_wconf 90' lang='lat' dir='ltr'>qua</span> <span class='ocrx_word' id='word_1_243' title='bbox 1892 1699 2000 1732; x_wconf 85' lang='lat' dir='ltr'>decuit</span> <span class='ocrx_word' id='word_1_244' title='bbox 2029 1701 2229 1732; x_wconf 84' lang='lat' dir='ltr'>reverencia</span> 
     </span>
     <span class='ocr_line' id='line_1_23' title="bbox 366 1757 2230 1806; baseline 0.002 -17"><span class='ocrx_word' id='word_1_245' title='bbox 366 1760 497 1790; x_wconf 75' lang='lat' dir='ltr'>noviter</span> <span class='ocrx_word' id='word_1_246' title='bbox 525 1761 696 1803; x_wconf 85' lang='lat' dir='ltr'>recepisse</span> <span class='ocrx_word' id='word_1_247' title='bbox 725 1757 784 1791; x_wconf 88' lang='lat' dir='ltr'>suh</span> <span class='ocrx_word' id='word_1_248' title='bbox 814 1758 876 1791; x_wconf 92' lang='lat' dir='ltr'>bac</span> <span class='ocrx_word' id='word_1_249' title='bbox 905 1758 1028 1792; x_wconf 89' lang='lat' dir='ltr'>forma:</span> <span class='ocrx_word' id='word_1_250' title='bbox 1066 1758 1218 1792; x_wconf 86' lang='lat' dir='ltr'>Urbanus</span> <span class='ocrx_word' id='word_1_251' title='bbox 1248 1764 1311 1793; x_wconf 87' lang='lat' dir='ltr'>etc.</span> <span class='ocrx_word' id='word_1_252' title='bbox 1342 1759 1427 1804; x_wconf 83' lang='lat' dir='ltr'>(vid.</span> <span class='ocrx_word' id='word_1_253' title='bbox 1459 1759 1516 1793; x_wconf 88' lang='lat' dir='ltr'>Nr.</span> <span class='ocrx_word' id='word_1_254' title='bbox 1549 1759 1652 1806; x_wconf 79' lang='lat'>240).</span> <span class='ocrx_word' id='word_1_255' title='bbox 1684 1759 1808 1793; x_wconf 89' lang='lat' dir='ltr'>Harum</span> <span class='ocrx_word' id='word_1_256' title='bbox 1839 1762 1939 1804; x_wconf 85' lang='lat' dir='ltr'>igitur</span> <span class='ocrx_word' id='word_1_257' title='bbox 1965 1762 2161 1793; x_wconf 86' lang='lat' dir='ltr'>auctoritate</span> <span class='ocrx_word' id='word_1_258' title='bbox 2197 1763 2230 1792; x_wconf 83' lang='lat' dir='ltr'>et</span> 
     </span>
     <span class='ocr_line' id='line_1_24' title="bbox 366 1818 2229 1865; baseline 0.002 -15"><span class='ocrx_word' id='word_1_259' title='bbox 366 1821 485 1862; x_wconf 74' lang='lat' dir='ltr'>vigore</span> <span class='ocrx_word' id='word_1_260' title='bbox 522 1818 691 1851; x_wconf 91' lang='lat' dir='ltr'>literarum</span> <span class='ocrx_word' id='word_1_261' title='bbox 729 1819 986 1864; x_wconf 87' lang='lat' dir='ltr'>apostolicarum</span> <span class='ocrx_word' id='word_1_262' title='bbox 1023 1822 1282 1865; x_wconf 86' lang='lat' dir='ltr'>prescriptarum</span> <span class='ocrx_word' id='word_1_263' title='bbox 1328 1820 1426 1854; x_wconf 89' lang='lat' dir='ltr'>vobis</span> <span class='ocrx_word' id='word_1_264' title='bbox 1463 1825 1495 1854; x_wconf 89' lang='lat' dir='ltr'>et</span> <span class='ocrx_word' id='word_1_265' title='bbox 1532 1820 1665 1854; x_wconf 87' lang='lat' dir='ltr'>cuilibet</span> <span class='ocrx_word' id='word_1_266' title='bbox 1702 1825 1850 1854; x_wconf 88' lang='lat' dir='ltr'>vestrum</span> <span class='ocrx_word' id='word_1_267' title='bbox 1887 1823 1919 1853; x_wconf 92' lang='lat' dir='ltr'>in</span> <span class='ocrx_word' id='word_1_268' title='bbox 1954 1823 2077 1853; x_wconf 85' lang='lat' dir='ltr'>virtute</span> <span class='ocrx_word' id='word_1_269' title='bbox 2115 1824 2229 1853; x_wconf 85' lang='lat' dir='ltr'>sancte</span> 
     </span>
     <span class='ocr_line' id='line_1_25' title="bbox 367 1878 2228 1926; baseline 0.001 -15"><span class='ocrx_word' id='word_1_270' title='bbox 367 1878 561 1912; x_wconf 85' lang='lat' dir='ltr'>obediencie</span> <span class='ocrx_word' id='word_1_271' title='bbox 604 1884 634 1912; x_wconf 90' lang='lat' dir='ltr'>et</span> <span class='ocrx_word' id='word_1_272' title='bbox 677 1879 737 1912; x_wconf 89' lang='lat' dir='ltr'>sub</span> <span class='ocrx_word' id='word_1_273' title='bbox 784 1882 1149 1913; x_wconf 81' lang='lat' dir='ltr'>excommunicacionis</span> <span class='ocrx_word' id='word_1_274' title='bbox 1192 1892 1289 1926; x_wconf 82' lang='lat' dir='ltr'>pena.</span> <span class='ocrx_word' id='word_1_275' title='bbox 1337 1892 1433 1926; x_wconf 89' lang='lat' dir='ltr'>quam</span> <span class='ocrx_word' id='word_1_276' title='bbox 1481 1884 1512 1914; x_wconf 92' lang='lat' dir='ltr'>in</span> <span class='ocrx_word' id='word_1_277' title='bbox 1555 1892 1617 1915; x_wconf 90' lang='lat' dir='ltr'>vos</span> <span class='ocrx_word' id='word_1_278' title='bbox 1656 1886 1687 1915; x_wconf 86' lang='lat' dir='ltr'>et</span> <span class='ocrx_word' id='word_1_279' title='bbox 1731 1880 1911 1926; x_wconf 84' lang='lat' dir='ltr'>quemlibet</span> <span class='ocrx_word' id='word_1_280' title='bbox 1947 1884 2096 1914; x_wconf 91' lang='lat' dir='ltr'>vestrum</span> <span class='ocrx_word' id='word_1_281' title='bbox 2132 1883 2228 1914; x_wconf 93' lang='lat' dir='ltr'>trium</span> 
     </span>
     <span class='ocr_line' id='line_1_26' title="bbox 368 1939 2230 1987; baseline 0.001 -16"><span class='ocrx_word' id='word_1_282' title='bbox 368 1939 505 1972; x_wconf 82' lang='lat' dir='ltr'>dierum.</span> <span class='ocrx_word' id='word_1_283' title='bbox 549 1951 688 1984; x_wconf 81' lang='lat' dir='ltr'>quorum</span> <span class='ocrx_word' id='word_1_284' title='bbox 732 1943 871 1985; x_wconf 90' lang='lat' dir='ltr'>primum</span> <span class='ocrx_word' id='word_1_285' title='bbox 915 1951 975 1985; x_wconf 91' lang='lat' dir='ltr'>pro</span> <span class='ocrx_word' id='word_1_286' title='bbox 1020 1943 1138 1985; x_wconf 65' lang='lat' dir='ltr'>primm</span> <span class='ocrx_word' id='word_1_287' title='bbox 1180 1941 1361 1975; x_wconf 90' lang='lat' dir='ltr'>secundum</span> <span class='ocrx_word' id='word_1_288' title='bbox 1400 1953 1460 1987; x_wconf 94' lang='lat' dir='ltr'>pro</span> <span class='ocrx_word' id='word_1_289' title='bbox 1502 1942 1650 1976; x_wconf 89' lang='lat' dir='ltr'>secundo</span> <span class='ocrx_word' id='word_1_290' title='bbox 1693 1946 1725 1975; x_wconf 81' lang='lat' dir='ltr'>et</span> <span class='ocrx_word' id='word_1_291' title='bbox 1767 1943 1905 1975; x_wconf 87' lang='lat' dir='ltr'>tercium</span> <span class='ocrx_word' id='word_1_292' title='bbox 1948 1951 2008 1986; x_wconf 92' lang='lat' dir='ltr'>pro</span> <span class='ocrx_word' id='word_1_293' title='bbox 2051 1943 2155 1974; x_wconf 87' lang='lat' dir='ltr'>tercio</span> <span class='ocrx_word' id='word_1_294' title='bbox 2197 1944 2230 1973; x_wconf 87' lang='lat' dir='ltr'>et</span> 
     </span>
     <span class='ocr_line' id='line_1_27' title="bbox 367 2001 2228 2048; baseline 0.001 -16"><span class='ocrx_word' id='word_1_295' title='bbox 367 2003 592 2045; x_wconf 89' lang='lat' dir='ltr'>peremptorio</span> <span class='ocrx_word' id='word_1_296' title='bbox 628 2004 770 2034; x_wconf 90' lang='lat' dir='ltr'>termino</span> <span class='ocrx_word' id='word_1_297' title='bbox 800 2013 838 2034; x_wconf 89' lang='lat' dir='ltr'>ac</span> <span class='ocrx_word' id='word_1_298' title='bbox 868 2004 1029 2034; x_wconf 82' lang='lat' dir='ltr'>canonica</span> <span class='ocrx_word' id='word_1_299' title='bbox 1060 2004 1248 2035; x_wconf 87' lang='lat' dir='ltr'>monicione</span> <span class='ocrx_word' id='word_1_300' title='bbox 1285 2005 1448 2048; x_wconf 82' lang='lat' dir='ltr'>premissa</span> <span class='ocrx_word' id='word_1_301' title='bbox 1487 2003 1624 2037; x_wconf 84' lang='lat' dir='ltr'>ferimus</span> <span class='ocrx_word' id='word_1_302' title='bbox 1661 2006 1692 2036; x_wconf 92' lang='lat' dir='ltr'>in</span> <span class='ocrx_word' id='word_1_303' title='bbox 1730 2002 1792 2036; x_wconf 86' lang='lat' dir='ltr'>hiis</span> <span class='ocrx_word' id='word_1_304' title='bbox 1829 2004 1971 2047; x_wconf 60' lang='lat' dir='ltr'>scriptis,</span> <span class='ocrx_word' id='word_1_305' title='bbox 2002 2004 2029 2035; x_wconf 90' lang='lat' dir='ltr'>si</span> <span class='ocrx_word' id='word_1_306' title='bbox 2066 2001 2228 2035; x_wconf 87' lang='lat' dir='ltr'>mandatis</span> 
     </span>
     <span class='ocr_line' id='line_1_28' title="bbox 369 2061 2226 2109; baseline 0.002 -17"><span class='ocrx_word' id='word_1_307' title='bbox 369 2063 489 2093; x_wconf 80' lang='lat' dir='ltr'>nostris</span> <span class='ocrx_word' id='word_1_308' title='bbox 530 2072 609 2106; x_wconf 66' lang='lat' dir='ltr'>ymo</span> <span class='ocrx_word' id='word_1_309' title='bbox 652 2065 766 2095; x_wconf 88' lang='lat' dir='ltr'>verius</span> <span class='ocrx_word' id='word_1_310' title='bbox 805 2062 995 2108; x_wconf 90' lang='lat' dir='ltr'>apostolicis</span> <span class='ocrx_word' id='word_1_311' title='bbox 1034 2073 1099 2095; x_wconf 91' lang='lat' dir='ltr'>non</span> <span class='ocrx_word' id='word_1_312' title='bbox 1141 2065 1318 2108; x_wconf 83' lang='lat' dir='ltr'>parueritis</span> <span class='ocrx_word' id='word_1_313' title='bbox 1359 2075 1419 2097; x_wconf 89' lang='lat' dir='ltr'>seu</span> <span class='ocrx_word' id='word_1_314' title='bbox 1461 2063 1643 2109; x_wconf 87' lang='lat' dir='ltr'>adimplere</span> <span class='ocrx_word' id='word_1_315' title='bbox 1681 2065 1947 2108; x_wconf 79' lang='lat' dir='ltr'>contempseritis</span> <span class='ocrx_word' id='word_1_316' title='bbox 1985 2073 2058 2095; x_wconf 90' lang='lat' dir='ltr'>cum</span> <span class='ocrx_word' id='word_1_317' title='bbox 2097 2061 2226 2095; x_wconf 81' lang='lat' dir='ltr'>effectu.</span> 
     </span>
     <span class='ocr_line' id='line_1_29' title="bbox 368 2120 2228 2168; baseline 0.002 -15"><span class='ocrx_word' id='word_1_318' title='bbox 368 2120 523 2154; x_wconf 85' lang='lat' dir='ltr'>Districte</span> <span class='ocrx_word' id='word_1_319' title='bbox 552 2122 767 2167; x_wconf 87' lang='lat' dir='ltr'>precipiendo</span> <span class='ocrx_word' id='word_1_320' title='bbox 797 2122 1003 2156; x_wconf 84' lang='lat' dir='ltr'>mandamus.</span> <span class='ocrx_word' id='word_1_321' title='bbox 1034 2125 1087 2167; x_wconf 91' lang='lat' dir='ltr'>qui</span> <span class='ocrx_word' id='word_1_322' title='bbox 1116 2123 1326 2168; x_wconf 87' lang='lat' dir='ltr'>presentibus</span> <span class='ocrx_word' id='word_1_323' title='bbox 1365 2123 1462 2157; x_wconf 88' lang='lat' dir='ltr'>fuerit</span> <span class='ocrx_word' id='word_1_324' title='bbox 1500 2135 1558 2158; x_wconf 89' lang='lat' dir='ltr'>seu</span> <span class='ocrx_word' id='word_1_325' title='bbox 1597 2124 1719 2157; x_wconf 88' lang='lat' dir='ltr'>fuerint</span> <span class='ocrx_word' id='word_1_326' title='bbox 1756 2125 1933 2168; x_wconf 87' lang='lat' dir='ltr'>requisitus</span> <span class='ocrx_word' id='word_1_327' title='bbox 1970 2134 2028 2157; x_wconf 91' lang='lat' dir='ltr'>seu</span> <span class='ocrx_word' id='word_1_328' title='bbox 2066 2125 2228 2168; x_wconf 68' lang='lat' dir='ltr'>requisiti7</span> 
     </span>
     <span class='ocr_line' id='line_1_30' title="bbox 369 2182 2227 2229; baseline 0.001 -16"><span class='ocrx_word' id='word_1_329' title='bbox 369 2186 529 2225; x_wconf 81' lang='lat' dir='ltr'>quatenus</span> <span class='ocrx_word' id='word_1_330' title='bbox 564 2193 629 2215; x_wconf 92' lang='lat' dir='ltr'>uno</span> <span class='ocrx_word' id='word_1_331' title='bbox 665 2182 772 2216; x_wconf 90' lang='lat' dir='ltr'>edicto</span> <span class='ocrx_word' id='word_1_332' title='bbox 801 2194 862 2228; x_wconf 91' lang='lat' dir='ltr'>pro</span> <span class='ocrx_word' id='word_1_333' title='bbox 892 2183 994 2216; x_wconf 91' lang='lat' dir='ltr'>tribus</span> <span class='ocrx_word' id='word_1_334' title='bbox 1025 2183 1206 2217; x_wconf 80' lang='lat' dir='ltr'>efficaciter</span> <span class='ocrx_word' id='word_1_335' title='bbox 1235 2188 1267 2217; x_wconf 84' lang='lat' dir='ltr'>et</span> <span class='ocrx_word' id='word_1_336' title='bbox 1301 2187 1526 2229; x_wconf 84' lang='lat' dir='ltr'>peremptorie</span> <span class='ocrx_word' id='word_1_337' title='bbox 1564 2187 1671 2218; x_wconf 88' lang='lat' dir='ltr'>citetis</span> <span class='ocrx_word' id='word_1_338' title='bbox 1708 2188 1878 2217; x_wconf 89' lang='lat' dir='ltr'>strenuum</span> <span class='ocrx_word' id='word_1_339' title='bbox 1915 2186 2022 2216; x_wconf 86' lang='lat' dir='ltr'>virum</span> <span class='ocrx_word' id='word_1_340' title='bbox 2061 2183 2227 2216; x_wconf 90' lang='lat' dir='ltr'>dominum</span> 
     </span>
     <span class='ocr_line' id='line_1_31' title="bbox 369 2241 2226 2289; baseline 0.001 -16"><span class='ocrx_word' id='word_1_341' title='bbox 369 2241 571 2287; x_wconf 63' lang='lat' dir='ltr'>Heynricum</span> <span class='ocrx_word' id='word_1_342' title='bbox 602 2246 633 2275; x_wconf 94' lang='lat' dir='ltr'>in</span> <span class='ocrx_word' id='word_1_343' title='bbox 663 2242 837 2289; x_wconf 69' lang='lat' dir='ltr'>Newoycz</span> <span class='ocrx_word' id='word_1_344' title='bbox 868 2244 1000 2277; x_wconf 87' lang='lat' dir='ltr'>militem</span> <span class='ocrx_word' id='word_1_345' title='bbox 1041 2249 1073 2278; x_wconf 85' lang='lat' dir='ltr'>et</span> <span class='ocrx_word' id='word_1_346' title='bbox 1102 2244 1290 2279; x_wconf 90' lang='lat' dir='ltr'>Onssonem</span> <span class='ocrx_word' id='word_1_347' title='bbox 1330 2247 1532 2289; x_wconf 78' lang='lat' dir='ltr'>armigerum</span> <span class='ocrx_word' id='word_1_348' title='bbox 1563 2247 1593 2278; x_wconf 93' lang='lat' dir='ltr'>in</span> <span class='ocrx_word' id='word_1_349' title='bbox 1629 2244 1807 2278; x_wconf 87' lang='lat' dir='ltr'>Rakodaw</span> <span class='ocrx_word' id='word_1_350' title='bbox 1844 2244 1925 2277; x_wconf 90' lang='lat' dir='ltr'>alias</span> <span class='ocrx_word' id='word_1_351' title='bbox 1962 2246 1992 2276; x_wconf 86' lang='lat' dir='ltr'>in</span> <span class='ocrx_word' id='word_1_352' title='bbox 2028 2242 2226 2285; x_wconf 64' lang='lat' dir='ltr'>Czirthorie,</span> 
     </span>
     <span class='ocr_line' id='line_1_32' title="bbox 369 2301 2228 2346; baseline 0.001 -12"><span class='ocrx_word' id='word_1_353' title='bbox 369 2301 563 2336; x_wconf 83' lang='lat' dir='ltr'>Bolikonem</span> <span class='ocrx_word' id='word_1_354' title='bbox 594 2308 625 2336; x_wconf 88' lang='lat' dir='ltr'>et</span> <span class='ocrx_word' id='word_1_355' title='bbox 655 2303 868 2337; x_wconf 82' lang='lat' dir='ltr'>Czenkonem</span> <span class='ocrx_word' id='word_1_356' title='bbox 903 2305 1041 2339; x_wconf 86' lang='lat' dir='ltr'>clientes</span> <span class='ocrx_word' id='word_1_357' title='bbox 1071 2308 1102 2338; x_wconf 91' lang='lat' dir='ltr'>in</span> <span class='ocrx_word' id='word_1_358' title='bbox 1125 2305 1245 2339; x_wconf 88' lang='lat' dir='ltr'>Olssan</span> <span class='ocrx_word' id='word_1_359' title='bbox 1275 2309 1305 2338; x_wconf 94' lang='lat' dir='ltr'>et</span> <span class='ocrx_word' id='word_1_360' title='bbox 1326 2304 1552 2339; x_wconf 79' lang='lat' dir='ltr'>Blaclinonem</span> <span class='ocrx_word' id='word_1_361' title='bbox 1575 2309 1606 2338; x_wconf 92' lang='lat' dir='ltr'>in</span> <span class='ocrx_word' id='word_1_362' title='bbox 1627 2304 1785 2339; x_wconf 89' lang='lat' dir='ltr'>suburbio</span> <span class='ocrx_word' id='word_1_363' title='bbox 1807 2304 2023 2337; x_wconf 85' lang='lat' dir='ltr'>Olomucensi</span> <span class='ocrx_word' id='word_1_364' title='bbox 2044 2307 2228 2346; x_wconf 73' lang='lat' dir='ltr'>manentes,</span> 
     </span>
     <span class='ocr_line' id='line_1_33' title="bbox 370 2363 2228 2411; baseline 0.001 -17"><span class='ocrx_word' id='word_1_365' title='bbox 370 2366 401 2394; x_wconf 92' lang='lat' dir='ltr'>ut</span> <span class='ocrx_word' id='word_1_366' title='bbox 430 2366 581 2407; x_wconf 79' lang='lat' dir='ltr'>proxima</span> <span class='ocrx_word' id='word_1_367' title='bbox 612 2363 694 2397; x_wconf 91' lang='lat' dir='ltr'>feria</span> <span class='ocrx_word' id='word_1_368' title='bbox 728 2369 824 2398; x_wconf 78' lang='lat' dir='ltr'>sexta</span> <span class='ocrx_word' id='word_1_369' title='bbox 863 2370 938 2411; x_wconf 88' lang='lat' dir='ltr'>post</span> <span class='ocrx_word' id='word_1_370' title='bbox 975 2377 1062 2399; x_wconf 90' lang='lat' dir='ltr'>nunc</span> <span class='ocrx_word' id='word_1_371' title='bbox 1099 2369 1224 2399; x_wconf 91' lang='lat' dir='ltr'>instans</span> <span class='ocrx_word' id='word_1_372' title='bbox 1260 2365 1380 2399; x_wconf 86' lang='lat' dir='ltr'>festum</span> <span class='ocrx_word' id='word_1_373' title='bbox 1415 2370 1530 2399; x_wconf 87' lang='lat' dir='ltr'>sancte</span> <span class='ocrx_word' id='word_1_374' title='bbox 1565 2366 1665 2399; x_wconf 89' lang='lat' dir='ltr'>Lucie</span> <span class='ocrx_word' id='word_1_375' title='bbox 1702 2369 1919 2410; x_wconf 87' lang='lat' dir='ltr'>compareant</span> <span class='ocrx_word' id='word_1_376' title='bbox 1955 2367 1987 2398; x_wconf 93' lang='lat' dir='ltr'>in</span> <span class='ocrx_word' id='word_1_377' title='bbox 2026 2365 2228 2397; x_wconf 87' lang='lat' dir='ltr'>monasterio</span> 
     </span>
     <span class='ocr_line' id='line_1_34' title="bbox 370 2423 2230 2470; baseline 0.001 -16"><span class='ocrx_word' id='word_1_378' title='bbox 370 2426 473 2455; x_wconf 74' lang='lat' dir='ltr'>saneti</span> <span class='ocrx_word' id='word_1_379' title='bbox 511 2423 683 2457; x_wconf 72' lang='lat' dir='ltr'>Vincencii</span> <span class='ocrx_word' id='word_1_380' title='bbox 721 2426 912 2470; x_wconf 89' lang='lat' dir='ltr'>supradicto</span> <span class='ocrx_word' id='word_1_381' title='bbox 950 2426 1004 2460; x_wconf 92' lang='lat' dir='ltr'>vel</span> <span class='ocrx_word' id='word_1_382' title='bbox 1040 2426 1115 2459; x_wconf 91' lang='lat' dir='ltr'>alibi</span> <span class='ocrx_word' id='word_1_383' title='bbox 1160 2429 1191 2460; x_wconf 93' lang='lat' dir='ltr'>in</span> <span class='ocrx_word' id='word_1_384' title='bbox 1228 2426 1303 2459; x_wconf 90' lang='lat' dir='ltr'>loco</span> <span class='ocrx_word' id='word_1_385' title='bbox 1343 2429 1453 2459; x_wconf 84' lang='lat' dir='ltr'>vicino</span> <span class='ocrx_word' id='word_1_386' title='bbox 1491 2426 1638 2460; x_wconf 91' lang='lat' dir='ltr'>eiusdem</span> <span class='ocrx_word' id='word_1_387' title='bbox 1677 2428 1780 2459; x_wconf 89' lang='lat' dir='ltr'>nostri</span> <span class='ocrx_word' id='word_1_388' title='bbox 1819 2427 2024 2467; x_wconf 67' lang='lat' dir='ltr'>monasterii,</span> <span class='ocrx_word' id='word_1_389' title='bbox 2062 2423 2115 2457; x_wconf 91' lang='lat' dir='ltr'>ubi</span> <span class='ocrx_word' id='word_1_390' title='bbox 2153 2428 2230 2456; x_wconf 86' lang='lat' dir='ltr'>tunc</span> 
     </span>
     <span class='ocr_line' id='line_1_35' title="bbox 370 2482 2228 2529; baseline 0.001 -14"><span class='ocrx_word' id='word_1_391' title='bbox 370 2482 529 2516; x_wconf 80' lang='lat' dir='ltr'>fuerimus</span> <span class='ocrx_word' id='word_1_392' title='bbox 559 2488 737 2518; x_wconf 81' lang='lat' dir='ltr'>constituti.</span> <span class='ocrx_word' id='word_1_393' title='bbox 768 2497 881 2519; x_wconf 85' lang='lat' dir='ltr'>coram</span> <span class='ocrx_word' id='word_1_394' title='bbox 911 2486 1006 2520; x_wconf 91' lang='lat' dir='ltr'>nobis</span> <span class='ocrx_word' id='word_1_395' title='bbox 1035 2491 1066 2520; x_wconf 87' lang='lat' dir='ltr'>et</span> <span class='ocrx_word' id='word_1_396' title='bbox 1096 2486 1374 2521; x_wconf 88' lang='lat' dir='ltr'>honorabilibus.</span> <span class='ocrx_word' id='word_1_397' title='bbox 1399 2514 1405 2520; x_wconf 93' lang='lat'>.</span> <span class='ocrx_word' id='word_1_398' title='bbox 1436 2490 1518 2520; x_wconf 89' lang='lat' dir='ltr'>viris</span> <span class='ocrx_word' id='word_1_399' title='bbox 1556 2487 1724 2520; x_wconf 90' lang='lat' dir='ltr'>dominis.</span> <span class='ocrx_word' id='word_1_400' title='bbox 1749 2513 1755 2519; x_wconf 90' lang='lat'>.</span> <span class='ocrx_word' id='word_1_401' title='bbox 1793 2485 1920 2519; x_wconf 86' lang='lat' dir='ltr'>decano</span> <span class='ocrx_word' id='word_1_402' title='bbox 1957 2489 1990 2518; x_wconf 84' lang='lat' dir='ltr'>et</span> <span class='ocrx_word' id='word_1_403' title='bbox 2011 2511 2017 2518; x_wconf 95' lang='lat'>.</span> <span class='ocrx_word' id='word_1_404' title='bbox 2041 2512 2047 2517; x_wconf 91' lang='lat'><strong>.</strong></span> <span class='ocrx_word' id='word_1_405' title='bbox 2085 2483 2228 2529; x_wconf 88' lang='lat' dir='ltr'>capitulo</span> 
     </span>
     <span class='ocr_line' id='line_1_36' title="bbox 371 2542 2225 2593; baseline 0.001 -19"><span class='ocrx_word' id='word_1_406' title='bbox 371 2542 514 2576; x_wconf 87' lang='lat' dir='ltr'>ecclesie</span> <span class='ocrx_word' id='word_1_407' title='bbox 544 2542 650 2577; x_wconf 87' lang='lat' dir='ltr'>Oloni.</span> <span class='ocrx_word' id='word_1_408' title='bbox 674 2549 906 2591; x_wconf 84' lang='lat' dir='ltr'>suprascriptis</span> <span class='ocrx_word' id='word_1_409' title='bbox 927 2558 1027 2592; x_wconf 89' lang='lat' dir='ltr'>super</span> <span class='ocrx_word' id='word_1_410' title='bbox 1047 2550 1173 2581; x_wconf 88' lang='lat' dir='ltr'>iniuriis</span> <span class='ocrx_word' id='word_1_411' title='bbox 1201 2552 1231 2581; x_wconf 89' lang='lat' dir='ltr'>et</span> <span class='ocrx_word' id='word_1_412' title='bbox 1251 2547 1425 2581; x_wconf 85' lang='lat' dir='ltr'>violenciis</span> <span class='ocrx_word' id='word_1_413' title='bbox 1446 2550 1525 2593; x_wconf 91' lang='lat' dir='ltr'>ipsis</span> <span class='ocrx_word' id='word_1_414' title='bbox 1545 2547 1641 2581; x_wconf 89' lang='lat' dir='ltr'>illatis</span> <span class='ocrx_word' id='word_1_415' title='bbox 1662 2551 1694 2579; x_wconf 87' lang='lat' dir='ltr'>et</span> <span class='ocrx_word' id='word_1_416' title='bbox 1714 2546 1794 2580; x_wconf 84' lang='lat' dir='ltr'>alias</span> <span class='ocrx_word' id='word_1_417' title='bbox 1815 2546 1855 2579; x_wconf 82' lang='lat' dir='ltr'>de</span> <span class='ocrx_word' id='word_1_418' title='bbox 1875 2547 2002 2578; x_wconf 89' lang='lat' dir='ltr'>iusticia</span> <span class='ocrx_word' id='word_1_419' title='bbox 2022 2546 2225 2590; x_wconf 89' lang='lat' dir='ltr'>responsuri.</span> 
     </span>
     <span class='ocr_line' id='line_1_37' title="bbox 370 2602 2228 2653; baseline 0.001 -18"><span class='ocrx_word' id='word_1_420' title='bbox 370 2602 405 2636; x_wconf 94' lang='lat' dir='ltr'>ln</span> <span class='ocrx_word' id='word_1_421' title='bbox 435 2614 573 2647; x_wconf 89' lang='lat' dir='ltr'>quorum</span> <span class='ocrx_word' id='word_1_422' title='bbox 604 2608 746 2638; x_wconf 86' lang='lat' dir='ltr'>omnium</span> <span class='ocrx_word' id='word_1_423' title='bbox 777 2610 807 2638; x_wconf 88' lang='lat' dir='ltr'>et</span> <span class='ocrx_word' id='word_1_424' title='bbox 838 2607 1044 2651; x_wconf 67' lang='lat' dir='ltr'>singulorum</span> <span class='ocrx_word' id='word_1_425' title='bbox 1067 2611 1289 2641; x_wconf 90' lang='lat' dir='ltr'>testimonium</span> <span class='ocrx_word' id='word_1_426' title='bbox 1320 2613 1418 2653; x_wconf 84' lang='lat' dir='ltr'>atque</span> <span class='ocrx_word' id='word_1_427' title='bbox 1445 2607 1541 2640; x_wconf 89' lang='lat' dir='ltr'>fidem</span> <span class='ocrx_word' id='word_1_428' title='bbox 1562 2609 1822 2652; x_wconf 87' lang='lat' dir='ltr'>prescriptorum</span> <span class='ocrx_word' id='word_1_429' title='bbox 1845 2609 2035 2651; x_wconf 84' lang='lat' dir='ltr'>presentem</span> <span class='ocrx_word' id='word_1_430' title='bbox 2056 2606 2228 2637; x_wconf 89' lang='lat' dir='ltr'>citacionis</span> 
     </span>
     <span class='ocr_line' id='line_1_38' title="bbox 371 2663 2229 2714; baseline 0.001 -19"><span class='ocrx_word' id='word_1_431' title='bbox 371 2663 498 2696; x_wconf 86' lang='lat' dir='ltr'>literam</span> <span class='ocrx_word' id='word_1_432' title='bbox 528 2675 587 2709; x_wconf 92' lang='lat' dir='ltr'>per</span> <span class='ocrx_word' id='word_1_433' title='bbox 621 2668 784 2698; x_wconf 88' lang='lat' dir='ltr'>notarium</span> <span class='ocrx_word' id='word_1_434' title='bbox 822 2667 987 2711; x_wconf 90' lang='lat' dir='ltr'>publicum</span> <span class='ocrx_word' id='word_1_435' title='bbox 1025 2667 1270 2714; x_wconf 85' lang='lat' dir='ltr'>infrascriptum</span> <span class='ocrx_word' id='word_1_436' title='bbox 1310 2668 1470 2714; x_wconf 84' lang='lat' dir='ltr'>publicari</span> <span class='ocrx_word' id='word_1_437' title='bbox 1508 2667 1738 2701; x_wconf 83' lang='lat' dir='ltr'>mandavimus</span> <span class='ocrx_word' id='word_1_438' title='bbox 1775 2677 1839 2699; x_wconf 89' lang='lat' dir='ltr'>una</span> <span class='ocrx_word' id='word_1_439' title='bbox 1877 2676 1951 2699; x_wconf 89' lang='lat' dir='ltr'>cum</span> <span class='ocrx_word' id='word_1_440' title='bbox 1990 2664 2087 2709; x_wconf 82' lang='lat' dir='ltr'>sigilli</span> <span class='ocrx_word' id='word_1_441' title='bbox 2123 2665 2229 2697; x_wconf 91' lang='lat' dir='ltr'>nostri</span> 
     </span>
    </p>
   </div>
  </div>
 </body>
</html>
