2336 3074
115 477 220 511 Pabst
257 477 408 522 Bom'fac
445 477 508 511 IX.
546 477 747 522 beauftrayt
784 478 846 511 den
883 476 1111 511 Schotteuaht
1146 478 1178 510 ἰη
1222 475 1333 519 Wien,
1371 488 1410 510 er
1447 482 1543 521 lim-qe
1579 477 1642 510 den
1680 475 1835 521 Aaflray
1869 475 1976 509 Pabst

120 536 237 571 Urban
275 537 364 572 VIII.
408 537 595 572 collzielzen
631 539 698 572 und
732 539 795 572 das
833 537 952 571 statut
987 538 1048 571 der
1081 537 1164 571 olm.
1196 537 1325 571 Klrclee
1363 537 1581 580 bes-tanmem
1620 543 1778 581 νει-111096
1812 536 1969 571 welclaem

254 599 309 632 de'e
337 597 498 632 Probstea·
524 600 556 631 ιή
589 599 766 633 Isremsier
794 610 858 632 um·
887 600 995 632 einem
1027 598 1111 633 Olm.
1142 597 1347 632 Isanonilms
1378 598 1548 632 τεν-11611611
1580 598 1714 632 wer-(len
1743 598 1839 631 solle.

735 659 793 694 Dt.
825 659 924 703 Rom,
954 659 989 693 9.
1020 658 1214 693 Nocember
1244 657 1354 693 1389.

273 735 483 788 Bonisacius
512 757 690 801 episcopus
719 766 839 789 servus
867 766 1043 789 servorum
1073 755 1127 789 dei
1155 755 1274 789 dilecto
1305 754 1370 788 filio
1392 781 1398 787 .
1423 781 1428 787 .
1451 753 1559 787 abbati
1581 756 1772 787 monasterii
1795 753 1971 788 Scotorum

113 818 144 849 in
182 815 328 849 VVienna
367 814 576 849 Pataviensis
622 815 767 849 diocesis
802 816 942 849 salutem
980 819 1011 849 et
1048 815 1264 862 apostolicam
1302 814 1586 849 benediccionem.
1644 815 1774 849 Dudum
1810 814 1971 860 siquidem

113 876 220 910 felicis
249 875 497 909 recordacionis
525 875 662 910 Urbano
690 887 775 922 pape
804 875 860 910 vl.
891 876 1125 922 predecessori
1154 880 1268 910 nostro
1297 887 1358 921 pro
1387 880 1481 921 parte
1518 875 1713 909 dilectorum
1752 874 1891 909 filiorum
1924 902 1930 908 .
1965 902 1970 908 .

114 936 230 970 decani
266 940 297 970 et
335 936 466 982 capituli
502 936 645 970 ecclesie
683 936 915 970 Olomucensis
950 939 1150 982 expositum,
1189 936 1276 982 quod
1314 936 1434 970 dudum
1472 940 1608 982 propter
1637 938 1854 981 exiguitatem
1884 935 1969 968 red-

114 997 238 1030 dituum
268 1001 300 1030 et
328 1001 550 1043 proventuum
580 1000 833 1031 canonicatuum
864 1002 894 1031 et
923 996 1168 1043 prebendarum
1197 997 1346 1031 eiusdem
1376 997 1531 1040 ecclesie,
1568 999 1622 1042 qui
1662 999 1693 1030 in
1730 995 1912 1030 redditibus
1942 1000 1972 1029 et

113 1056 332 1103 proventibus
357 1057 522 1091 modicum
543 1057 790 1100 habundabant,
820 1060 1016 1092 auctoritate
1045 1057 1212 1092 ordinaria
1233 1060 1389 1091 extiterat
1417 1062 1572 1091 statutum
1593 1062 1624 1091 et
1645 1060 1751 1090 eciam
1772 1056 1970 1090 ordinatum.

115 1118 199 1163 quod
231 1117 520 1152 archidiaconatus
550 1118 697 1151 eiusdem
728 1122 760 1151 et
788 1121 997 1164 prepositura
1017 1121 1123 1152 sancti
1142 1118 1293 1152 Mauricii
1317 1121 1350 1152 in
1370 1117 1542 1152 Chremsir
1563 1118 1794 1152 Olomucensis
1815 1118 1971 1151 diocesis.

115 1181 169 1224 qui
197 1179 375 1223 dignitates
404 1183 519 1212 curate
554 1189 684 1212 necnon
723 1179 895 1212 scolastria
932 1183 963 1212 et
1002 1179 1152 1213 custodia
1188 1179 1337 1225 predicte
1367 1178 1600 1213 Olomucensis
1638 1178 1870 1220 ecclesiarum,
1908 1188 1972 1222 que

114 1237 222 1272 officia
252 1241 283 1272 in
313 1238 431 1273 eadem
453 1238 668 1273 Olomucensi
697 1239 840 1272 eeclesia
869 1239 1069 1283 existebant,
1099 1240 1256 1273 decetero
1285 1250 1351 1273 non
1378 1244 1516 1285 possent
1544 1251 1607 1273 nec
1636 1238 1797 1273 deberent
1825 1237 1971 1272 conferri

114 1299 169 1333 vel
197 1302 363 1344 assignari
392 1299 464 1333 aliis
493 1310 590 1345 quam
629 1302 799 1334 canonicis
829 1299 972 1333 ecclesie
1002 1299 1234 1334 Olornucensis
1262 1300 1412 1345 predicte
1449 1299 1638 1346 prebendas
1676 1299 1899 1333 obtinentibus
1937 1301 1968 1332 in

115 1359 231 1393 eadem
260 1364 292 1393 et
320 1371 380 1406 pro
408 1365 502 1406 parte
532 1360 693 1394 dictorum
725 1360 842 1394 decani
871 1365 901 1393 et
930 1360 1061 1406 capituli
1082 1360 1189 1394 eidem
1218 1360 1452 1406 predecessori
1481 1359 1647 1393 humiliter
1675 1360 1905 1406 supplicatum,
1934 1363 1968 1392 ut

115 1424 236 1454 statuto
265 1425 295 1454 et
326 1421 532 1455 ordinacioni
560 1421 717 1466 predictis
737 1420 841 1454 robur
860 1421 1042 1466 apostolice
1062 1420 1224 1454 firmitatis
1244 1421 1378 1454 adicere
1398 1420 1612 1464 dignaretur:
1639 1420 1725 1453 idem
1748 1420 1970 1466 predecessor

114 1479 169 1514 tibi
197 1491 258 1526 per
286 1491 364 1514 suas
393 1481 505 1515 literas
534 1481 716 1517 mandavit.
751 1486 785 1515 ut
822 1485 977 1515 statutum
1016 1485 1047 1515 et
1082 1481 1332 1515 ordinacionem
1369 1481 1517 1526 predicta
1556 1483 1752 1514 auctoritate
1790 1480 1970 1526 apostolica

115 1540 343 1578 confirmares.
373 1547 471 1588 prout
499 1545 532 1576 in
561 1542 655 1576 dictis
684 1542 786 1576 literis
815 1543 944 1588 plenius
972 1544 1170 1575 continetur.
1202 1540 1283 1575 Cum
1312 1546 1421 1574 autem
1451 1544 1533 1575 sicut
1563 1540 1710 1574 exhibita
1740 1540 1835 1574 nobis
1865 1551 1971 1586 nuper

114 1613 175 1648 pro
204 1606 298 1647 parte
327 1602 488 1636 dictorum
519 1603 636 1637 decani
666 1607 696 1636 et
726 1603 857 1648 capituli
886 1605 1006 1648 peticio
1035 1601 1257 1646 subjungebat
1294 1606 1327 1635 tu
1363 1613 1423 1647 pro
1459 1612 1511 1644 eo,
1549 1601 1636 1647 quod
1672 1605 1848 1646 antequam
1884 1601 1971 1633 dicte

113 1663 209 1697 litere
237 1673 298 1708 per
325 1665 415 1708 ipsos
445 1663 607 1696 decanum
637 1668 669 1697 et
689 1663 865 1709 capitulum
886 1662 942 1696 tibi
961 1667 1153 1708 presentate
1174 1662 1306 1696 fuerint.
1336 1662 1441 1695 dictus
1461 1662 1685 1708 predecessor
1704 1664 1788 1695 sicut
1813 1661 1971 1694 altissimo

114 1723 235 1769 placuit
264 1722 305 1757 ab
334 1722 397 1757 hac
425 1723 499 1757 luce
529 1727 697 1768 migravit,
728 1723 767 1757 ad
797 1725 1038 1757 execucionem
1069 1723 1229 1756 dictarum
1258 1723 1428 1756 literarum
1457 1722 1586 1755 dubites
1615 1722 1801 1768 procedere
1838 1726 1869 1755 te
1907 1732 1973 1754 non

114 1794 236 1830 possez
273 1794 334 1829 pro
368 1787 462 1829 parte
491 1784 652 1817 dictorum
683 1784 799 1817 decani
829 1787 860 1816 et
889 1783 1021 1829 capituli
1051 1783 1109 1816 fuit
1137 1782 1232 1817 nobis
1262 1783 1427 1817 humiliter
1455 1783 1685 1828 supplicatum.
1724 1786 1757 1815 ut
1786 1785 1834 1815 eis
1872 1792 1972 1828 super

114 1843 179 1877 hoc
221 1843 262 1877 de
297 1848 461 1890 oportuno
498 1844 648 1877 remedio
683 1844 864 1890 providere
900 1844 1126 1888 dignaremur.
1182 1843 1252 1877 Nos
1290 1846 1399 1889 itaque
1446 1843 1632 1877 huiusmodi
1670 1841 1972 1888 supplicacionibus

116 1905 261 1938 inclinati
291 1905 491 1938 discrecioni
520 1908 574 1937 tue
611 1915 672 1949 per
708 1904 889 1950 apostolica
927 1907 1048 1950 scripta
1083 1904 1289 1947 mandamus,
1328 1906 1480 1949 quatinus
1516 1903 1651 1937 easdem
1686 1903 1800 1937 literas
1837 1902 1974 1948 perinde

115 1968 238 2011 exequi
267 1965 413 2002 studea&
450 1976 489 1998 ac
517 1967 544 1998 si
574 1965 692 1999 eodem
722 1964 965 2010 predecessore
995 1967 1026 1998 in
1056 1964 1207 1998 humanis
1237 1969 1358 2010 agente
1396 1964 1484 1998 dicte
1513 1964 1608 1998 litere
1638 1963 1693 1998 tibi
1721 1975 1782 2010 per
1811 1963 1973 1997 decanum

117 2030 148 2059 et
176 2025 353 2072 capitulum
383 2025 532 2071 prefatos
567 2029 758 2071 presentate
794 2024 935 2059 fuissent
969 2029 999 2058 et
1037 2025 1077 2058 ad
1115 2025 1243 2059 illarum
1282 2028 1522 2059 execucionem
1560 2024 1746 2070 procedere
1775 2026 1972 2069 incepisses.

117 2085 420 2120 Constitucionibus
449 2085 640 2132 apostolicis
670 2089 700 2118 et
730 2085 801 2119 aliis
836 2088 1011 2119 contrariis
1049 2096 1115 2119 non
1153 2085 1359 2120 obstantibus
1397 2085 1660 2131 quibuscunque.
1708 2085 1828 2118 Datum
1867 2083 1974 2117 Rome

117 2146 201 2192 apud
231 2150 381 2179 sanctum
411 2145 543 2179 Petrum
573 2145 614 2179 V.
644 2145 716 2179 idus
745 2145 947 2179 Novembris
975 2145 1184 2191 pontificatus
1212 2149 1316 2179 nostri
1346 2157 1433 2179 anno
1462 2148 1579 2191 primo.

431 2225 520 2259 (tsstrig.
546 2225 626 2257 Pergf.
655 2225 703 2249 11111
728 2225 792 2250 auli.
818 2225 957 2250 Bleibullo
982 2225 1018 2249 im
1043 2224 1498 2258 Metropolitankapitel-Arcliive
1524 2224 1550 2248 in
1577 2224 1715 2257 (timum.)

994 2378 1101 2413 576.

123 2481 198 2515 Das
241 2482 585 2526 Anqustinerlfloster
628 2484 659 2515 ῖη
705 2481 824 2515 Briltm
870 2481 1069 2526 εει-[10611161
1109 2483 1227 2514 see'nen
1269 2480 1382 2513 leinter
1423 2480 1496 2513 dem
1536 2479 1748 2512 Jmientleore
1788 2479 1972 2523 yeleqenen

416 2542 546 2576 Garten
575 2543 649 2576 dem
680 2542 830 2576 Gsirtuel·
860 2542 968 2575 lsemz.
1001 2541 1058 2575 Dt.
1089 2541 1221 2576 Briltm.
1252 2541 1312 2574 24.
1342 2539 1534 2573 November
1564 2538 1673 2573 1389.

280 2619 347 2671 Ad
376 2640 611 2671 universorum
642 2642 706 2671 tam
737 2640 947 2684 presencium
978 2648 1073 2683 quam
1104 2636 1290 2671 futurorum
1310 2635 1464 2669 volumus
1485 2637 1637 2668 noticiam
1663 2638 1855 2681 pervenire,
1885 2634 1971 2680 quod

119 2709 180 2732 nos
209 2697 330 2731 fratres
358 2697 526 2744 Philippus
554 2697 660 2732 lector
687 2701 790 2744 prior,
820 2698 986 2731 Arnestus
1015 2697 1132 2741 lector3
1162 2696 1308 2730 Thomas
1337 2695 1502 2742 subprior7
1542 2695 1701 2729 Albertus
1735 2721 1971 2729 .......

1769 2762 1801 2786 32
