2336 3074
1270 198 1343 231 2³92

374 307 512 340 :imlitori
544 304 738 337 audiendam
770 306 995 335 commisimus
1025 307 1054 334 et
1092 301 1155 335 sine
1194 302 1304 335 ‹leliito
1335 303 1589 339 terminamlam.
1620 315 1685 337 uon
1715 303 1880 338 olistante.
1910 303 1995 348 quod
2036 314 2136 337 causa
2168 305 2236 348 ipsa

375 368 413 400 tlt·
444 370 491 399 sui
523 371 636 397 natm-a
667 365 705 396 :ul
739 364 921 396 Romanam
953 366 1078 397 curiam
1110 364 1270 401 legittime
1300 363 1455 397 ‹tex-otum
1487 368 1515 397 et
1545 364 1629 409 apud
1661 376 1733 397 eam
1756 363 1926 397 tractanda
1957 368 1986 397 et
2010 363 2150 397 linienda
2173 374 2238 396 non

372 432 471 460 esset.
503 431 530 457 et
564 437 636 457 cnm
669 428 831 469 potestate
862 424 982 456 citandi
1014 424 1149 457 eosdem
1182 424 1328 458 l'lricum
1359 429 1391 457 et
1420 424 1606 458 Janlwnem
1638 430 1733 458 extra
1767 424 1950 458 Romanam
1981 427 2105 458 curiam
2137 428 2169 457 et.
2198 423 2237 457 ad

375 492 495 533 pai-tes.
527 488 686 530 quociens
716 496 798 529 opus
829 488 928 517 esset.
970 484 1128 529 Idemque
1168 488 1346 530 episcopus
1384 486 1513 518 amlitor
1551 486 1588 518 ad
1629 487 1822 519 instanciam
1860 488 2008 527 magistri
2048 485 2159 530 Duyni
2199 484 2239 518 de

375 548 497 580 llemis.
530 534 756 591 procurabit-is
787 545 949 577 dictorum
979 545 1107 578 aliliatis
1137 550 1166 578 et
1198 549 1384 579 conventus
1425 549 1616 579 monasterii
1649 546 1807 579 Lucensis
1845 546 1982 579 eosdem
2025 545 2171 579 Ulriemn
2209 549 2241 578 et

372 607 557 640 Jantmnem
590 617 648 651 per
676 617 753 638 suas
783 608 864 638 certi
896 608 1021 638 tenoris
1052 605 1178 638 litteras
1208 609 1301 639 citari
1325 606 1399 638 l'ecit
1431 606 1469 638 ad
1502 610 1625 651 partes.
1647 611 1676 639 ut
1700 617 1812 639 coram
1836 618 1876 639 co
1897 611 1991 639 certo
2012 608 2239 652 peremptorio

374 671 513 700 termino
543 669 743 711 competenti
775 670 850 698 tuuc
880 677 1044 711 expresso
1083 677 1156 699 cum
1197 666 1349 700 onmilius
1387 670 1480 700 actis.
1521 666 1645 700 iuribus
1685 672 1714 700 et
1753 669 1964 700 immimentis
1999 670 2067 700 suis
2106 677 2240 700 causam

375 728 561 761 huiusmodi
592 726 863 767 coming-entibus
894 729 923 760 in
955 727 1041 760 dicto
1073 727 1200 772 palacio
1230 733 1462 772 comparerent
1495 730 1687 773 processuri
1719 730 1748 760 iu
1784 739 1884 761 causa
1922 730 1990 773 ipsa
2021 727 2060 760 ad
2091 727 2242 770 singutos

371 794 463 822 actus
493 791 705 821 necessarios
736 799 839 832 usque
869 787 908 820 ad
940 787 1148 820 ‹tit'ttmnvain
1179 791 1384 821 sentenciam
1417 788 1591 826 inclusiveq
1622 792 1719 833 prout
1749 791 1911 821 existeret
1932 791 2088 821 racionis.
2120 787 2155 820 ln
2176 798 2241 833 qno

370 850 499 894 quidem
533 851 673 881 terminu
703 848 808 880 dictus
839 848 979 893 Doynus
1009 860 1122 882 coram
1160 849 1279 882 eodem
1319 851 1489 894 episeopo.
1522 853 1597 882 tunc
1627 848 1791 885 auditoreq
1823 851 1852 882 in
1883 848 2003 881 iudicio
2042 859 2242 894 comparens

370 915 398 943 et
431 910 470 942 de
500 911 664 942 citacione
695 908 880 942 liniusinodi
911 909 1017 941 eidem
1049 912 1207 954 episcopo
1238 913 1313 942 tuuc
1343 910 1482 943 auditori
1514 909 1609 942 tidem
1641 909 1766 942 faciens
1787 920 1847 955 per
1874 909 2019 950 legitima
2042 909 2240 942 ‹locumenta

372 971 533 1004 (lictorum
567 970 667 1004 l'lrici
699 974 728 1003 et
759 969 922 1003 Jantzonts
960 981 1025 1003 non
1063 973 1334 1016 eomparencium
1375 973 1617 1003 contumaciam
1658 973 1843 1006 aceusavih
1874 970 2027 1015 idemque
2065 973 2242 1015 episcopus

373 1036 449 1064 tunc
479 1031 609 1064 auditor
640 1030 678 1063 ad
712 1033 905 1064 instanciam
937 1031 1085 1064 eiusdem
1116 1031 1226 1077 Doyni
1257 1042 1370 1064 coram
1410 1042 1450 1063 eo
1489 1034 1519 1064 in
1559 1031 1679 1064 indicio
1716 1033 1940 1076 comparentis
1979 1035 2010 1064 et
2048 1033 2242 1069 asserentis,

373 1093 493 1125 dictam
524 1091 786 1137 appellat-ionem
819 1091 920 1125 luisse
950 1096 980 1125 et
1011 1103 1087 1125 esse
1118 1092 1285 1125 desertam
1317 1092 1453 1125 eosdem
1475 1091 1622 1125 Uti-icum
1645 1095 1677 1125 et
1705 1091 1891 1124 Jaukonem
1923 1091 1962 1125 ad
1994 1091 2180 1125 docendum
2203 1091 2243 1124 dc

374 1153 550 1193 diligencia
582 1153 833 1197 prosectu-ionis
863 1151 949 1185 dicte
979 1152 1216 1197 appellacionis
1247 1156 1277 1186 in
1307 1152 1479 1185 audiencia
1511 1152 1652 1198 puliliczu
1683 1156 1716 1185 ut
1746 1156 1796 1185 est
1826 1155 1938 1190 morisq
1969 1155 2063 1185 citari
2094 1152 2172 1185 fecit
2203 1151 2242 1185 ad

374 1217 499 1246 certum
532 1215 706 1246 terminum
737 1215 999 1258 peremptorium
1029 1217 1288 1258 competentem.
1346 1213 1381 1247 In
1419 1224 1483 1258 quo
1519 1213 1606 1246 dieto
1636 1213 1758 1258 Doyno
1788 1224 1901 1246 eoram
1933 1213 2050 1246 eodem
2082 1215 2242 1258 episcopo

374 1279 451 1307 tunc
480 1273 630 1306 auditore
661 1276 691 1306 in
723 1273 842 1306 iudicio
873 1278 1089 1318 comparente
1119 1277 1152 1306 et
1180 1273 1342 1307 (lictorum
1374 1273 1475 1307 Ulrici
1507 1278 1535 1307 et
1566 1273 1728 1307 Jaukonis
1758 1285 1823 1307 non
1854 1276 2125 1319 compareucium
2153 1284 2241 1307 con-

375 1336 550 1367 tumaciam
581 1338 760 1367 accusante
791 1333 875 1366 idem
907 1336 1084 1379 episcopus
1106 1338 1181 1366 tunc
1202 1334 1332 1367 auditor
1353 1334 1392 1367 ad
1415 1334 1562 1368 eiusdem
1586 1334 1696 1380 Doyni
1719 1337 1913 1367 instanciam
1937 1334 2072 1367 eosdem
2094 1333 2242 1368 Ulricum

375 1399 405 1428 et
435 1394 622 1428 Jankouem
653 1394 692 1427 ad
723 1406 814 1427 suam
847 1397 877 1427 in
907 1406 1007 1427 czinsa
1039 1394 1225 1428 lmiusmodi
1260 1398 1465 1429 sentenciam
1504 1395 1702 1428 audiendam
1741 1398 1771 1429 in
1812 1395 1896 1428 dicta
1936 1395 2108 1428 audiencia
2148 1397 2241 1428 citari

375 1456 450 1489 tecit
482 1455 521 1488 ad
552 1460 676 1488 certam
707 1455 793 1488 diem
824 1458 1083 1500 peremptoriam
1106 1460 1365 1501 competentem.
1396 1455 1431 1489 In
1462 1467 1524 1501 qua
1546 1456 1632 1489 dicto
1653 1455 1776 1501 Doyno
1804 1466 1917 1489 coram
1939 1455 2056 1489 eodem
2084 1458 2243 1501 episcopo

376 1521 451 1549 tune
481 1515 631 1549 auditore
662 1518 693 1548 in
723 1515 844 1549 iudicio
874 1520 1091 1561 comparente
1121 1520 1151 1549 et
1183 1516 1344 1549 dictorum
1375 1516 1478 1550 Ulriei
1508 1521 1539 1549 et
1567 1516 1730 1549 Jankonis
1761 1527 1825 1549 non
1855 1519 2126 1561 caniparencimn
2154 1526 2243 1549 con-

375 1579 550 1609 tumaciam
581 1580 762 1609 accusante
792 1580 820 1609 et
853 1579 883 1609 in
922 1587 1037 1609 eorum
1077 1580 1320 1610 contumaciam
1359 1577 1479 1610 dictam
1518 1577 1781 1623 appellaciouem
1819 1579 2032 1622 pronunciari
2071 1576 2174 1610 fuisse
2212 1580 2244 1609 et

375 1648 451 1670 esse
481 1637 649 1670 desertam
679 1648 717 1669 ae
748 1636 934 1670 liuiusuiodi
965 1640 1169 1670 sentenciam
1210 1637 1289 1670 ferri
1319 1642 1464 1682 petente.
1496 1637 1581 1671 idem
1612 1640 1789 1683 episcopus
1820 1641 1896 1671 tunc
1925 1637 2055 1671 auditor
2084 1641 2243 1682 reputans

375 1698 511 1731 cosdem
543 1697 690 1731 Ulricnm
721 1702 750 1730 et
781 1697 968 1731 Jankonem
1007 1698 1113 1743 quoad
1153 1702 1261 1731 actum
1302 1698 1501 1735 huiusmodi.
1530 1702 1628 1744 prout
1666 1702 1761 1731 erant
1798 1701 1916 1731 merito
1954 1702 2181 1740 contumaces,
2212 1700 2244 1730 in

376 1769 490 1791 eorum
521 1761 763 1791 contumaciam
794 1761 876 1792 visis
905 1763 935 1791 et
966 1759 1143 1803 diligenter
1173 1761 1330 1804 inspeetis
1360 1757 1512 1792 omnibus
1543 1763 1574 1791 et
1603 1758 1742 1799 siugulis
1771 1761 1854 1791 actis
1883 1761 1915 1790 et
1944 1757 2063 1792 habitis
2084 1761 2115 1791 iu
2143 1768 2243 1792 causa

376 1818 563 1852 liuinsmodi
594 1821 740 1864 ipsisque
769 1830 842 1852 cum
874 1818 1051 1864 diligencia
1082 1822 1258 1853 recensitis
1287 1824 1318 1853 et
1348 1822 1547 1852 examinatis
1578 1818 1618 1851 de
1639 1819 1778 1852 consilio
1800 1824 1831 1852 et
1851 1830 1992 1852 assensu
2013 1819 2244 1852 coauditorum

377 1890 513 1913 suorum
543 1879 618 1912 dicti
649 1879 778 1924 palacii.
809 1879 926 1924 quilius
956 1891 1056 1925 super
1085 1879 1147 1913 liiis
1177 1880 1380 1913 relacionem
1418 1880 1493 1913 fecit
1525 1879 1667 1923 fidelem5
1698 1891 1757 1926 per
1786 1891 1878 1913 suam
1916 1883 2120 1914 sentenciam
2158 1890 2244 1926 pro—

376 1942 558 1973 nunciavit.
589 1940 739 1973 decrevit
770 1945 802 1973 et
830 1940 1026 1977 declaravit,
1057 1940 1320 1986 appellacionem
1351 1940 1533 1986 predictam
1564 1940 1667 1973 fuisse
1697 1945 1727 1973 ct
1758 1952 1834 1974 esse
1864 1940 2043 1979 desertam,
2071 1941 2244 1986 dictosque

376 1999 523 2033 Ulricum
555 2004 584 2033 et
614 1999 802 2034 Jankonem
832 2003 862 2034 in
893 2003 1051 2046 expensis
1081 2012 1194 2034 coram
1225 2013 1261 2035 se
1291 2004 1321 2034 in
1359 2001 1545 2035 huiusmodi
1576 2012 1676 2035 causa
1706 2001 1853 2045 legitime
1884 2001 1978 2035 factis
2007 2001 2246 2035 condemnavit

376 2063 521 2106 ipsarum
552 2072 777 2106 expensarum
808 2064 986 2094 tax-acione
1015 2060 1075 2094 sibi
1106 2064 1312 2107 inposterum
1350 2066 1537 2098 reservata„
1567 2066 1663 2107 prout
1693 2064 1723 2094 iu
1754 2064 1973 2095 instrumento
2003 2061 2134 2108 publico
2169 2062 2245 2095 inde

377 2120 532 2154 confecto
563 2121 638 2154 dicti
669 2124 816 2167 episcopi
856 2126 932 2155 tunc
969 2122 1128 2155 auditoris
1167 2122 1276 2166 sigillo
1313 2125 1437 2156 munito
1474 2122 1592 2156 dicitur
1629 2122 1758 2168 plenius
1795 2125 1969 2156 contineri.
2026 2122 2096 2156 Nos
2135 2125 2245 2168 itaque

377 2181 539 2215 dictorum
571 2181 698 2215 abbatis
728 2186 759 2214 et
789 2187 975 2215 conventus
1005 2185 1197 2216 monasterii
1233 2182 1392 2216 Lucensis
1422 2182 1725 2228 supplicacionibus
1764 2183 1919 2220 inclinatu
1950 2194 2013 2228 quc
2049 2194 2149 2228 super
2183 2182 2245 2216 hiis

378 2241 418 2274 ab
448 2242 565 2275 eodem
597 2245 754 2287 episeopo
794 2246 870 2275 tunc
907 2243 1058 2276 auditore
1094 2243 1234 2288 proxide
1269 2243 1354 2276 sacta
1393 2248 1479 2286 sunt„
1518 2248 1588 2277 rata
1627 2243 1789 2277 habentes
1828 2248 1860 2276 et
1897 2248 2005 2287 grata„
2044 2243 2244 2277 discrecioni

381 2307 493 2335 vestre
522 2313 583 2347 per
612 2302 794 2347 apostolica
825 2306 947 2348 scripta
980 2303 1186 2342 mandamus„
1217 2306 1370 2348 quatinus
1400 2315 1461 2337 vos
1491 2304 1546 2337 vel
1575 2304 1639 2337 duo
1660 2308 1715 2336 aut
1743 2315 1826 2337 nnus
1848 2308 1996 2337 vestrum
2018 2315 2078 2350 per
2107 2316 2169 2338 vos
2190 2304 2244 2338 vel

379 2362 474 2395 alium
506 2374 564 2395 seu
595 2363 676 2395 alios
706 2363 887 2408 predictam
919 2366 1124 2397 sentenciam
1154 2364 1229 2397 dicti
1260 2367 1408 2409 episcopi
1438 2369 1514 2397 tuuc
1553 2363 1724 2404 auditoris„
1754 2363 1807 2397 ubi
1846 2368 1878 2397 et
1913 2365 2044 2409 quando
2083 2365 2245 2411 expedire

380 2422 539 2455 videritis.
570 2426 767 2456 auctoritate
796 2428 910 2457 nostra
940 2424 1133 2457 solemniter
1169 2423 1339 2469 publicare
1369 2427 1504 2467 curetis,
1535 2424 1800 2457 contradictores
1829 2435 1890 2470 per
1919 2436 2094 2459 censuram
2126 2425 2245 2459 eccle-

379 2484 545 2516 siasticam
584 2484 812 2528 appellacione
849 2487 1031 2530 postposita
1079 2485 1338 2530 compescendo,
1396 2484 1515 2517 Datum
1554 2484 1693 2529 Neapoli
1732 2485 1818 2530 apud
1863 2488 2022 2519 maiorem
2066 2485 2242 2519 ecclesiam

379 2541 630 2587 Neapolitanam
661 2543 811 2577 kalendis
842 2544 1014 2578 Februarii
1045 2544 1254 2590 pontificatus
1284 2547 1388 2578 nostri
1418 2556 1504 2578 anno
1535 2550 1644 2578 sexto.

691 2630 781 2664 (sirie.
807 2631 887 2662 Pers-r.
913 2640 947 2656 au
981 2632 1145 2657 Hauffsidvu
1178 2632 1204 2657 h.
1237 2632 1377 2657 Bleibulte
1409 2632 1436 2657 iu
1470 2632 1524 2657 den
1557 2632 1651 2658 Akteu
1685 2633 1733 2658 des
1766 2633 1893 2659 Brucker
1924 2633 2056 2659 Klosters
2089 2633 2124 2658 im
2155 2633 2244 2658 maht.

795 2683 1052 2717 Landesarcliive.)
