<?xml version="1.0" encoding="UTF-8"?>
<!DOCTYPE html PUBLIC "-//W3C//DTD XHTML 1.0 Transitional//EN"
    "http://www.w3.org/TR/xhtml1/DTD/xhtml1-transitional.dtd">
<html xmlns="http://www.w3.org/1999/xhtml" xml:lang="en" lang="en">
 <head>
  <title>
</title>
<meta http-equiv="Content-Type" content="text/html;charset=utf-8" />
  <meta name='ocr-system' content='tesseract 3.04.00' />
  <meta name='ocr-capabilities' content='ocr_page ocr_carea ocr_par ocr_line ocrx_word'/>
</head>
<body>
  <div class='ocr_page' id='page_1' title='image "./codexdiplomaticu11morauoft_0341.png"; bbox 0 0 2336 3074; ppageno 0'>
   <div class='ocr_carea' id='block_1_1' title="bbox 1001 185 1075 219">
    <p class='ocr_par' dir='ltr' id='par_1_1' title="bbox 1001 185 1075 219">
     <span class='ocr_line' id='line_1_1' title="bbox 1001 185 1075 219; baseline 0.014 -1"><span class='ocrx_word' id='word_1_1' title='bbox 1001 185 1075 219; x_wconf 80' lang='lat'>317</span> 
     </span>
    </p>
   </div>
   <div class='ocr_carea' id='block_1_2' title="bbox 104 287 1974 937">
    <p class='ocr_par' dir='ltr' id='par_1_2' title="bbox 104 287 1974 937">
     <span class='ocr_line' id='line_1_2' title="bbox 107 287 1971 336; baseline 0.001 -13"><span class='ocrx_word' id='word_1_2' title='bbox 107 292 470 323; x_wconf 80' lang='lat' dir='ltr'>excommunicacionis</span> <span class='ocrx_word' id='word_1_3' title='bbox 500 292 532 321; x_wconf 88' lang='lat' dir='ltr'>et</span> <span class='ocrx_word' id='word_1_4' title='bbox 561 291 592 322; x_wconf 90' lang='lat' dir='ltr'>in</span> <span class='ocrx_word' id='word_1_5' title='bbox 622 288 799 321; x_wconf 88' lang='lat' dir='ltr'>ecclesiam</span> <span class='ocrx_word' id='word_1_6' title='bbox 830 291 860 321; x_wconf 90' lang='lat' dir='ltr'>in</span> <span class='ocrx_word' id='word_1_7' title='bbox 890 287 1145 322; x_wconf 83' lang='lat' dir='ltr'>Bieharzowiez</span> <span class='ocrx_word' id='word_1_8' title='bbox 1166 291 1331 325; x_wconf 74' lang='lat' dir='ltr'>interdicti</span> <span class='ocrx_word' id='word_1_9' title='bbox 1351 294 1557 325; x_wconf 70' lang='lat' dir='ltr'>sentenciam</span> <span class='ocrx_word' id='word_1_10' title='bbox 1579 303 1684 336; x_wconf 89' lang='lat' dir='ltr'>usquc</span> <span class='ocrx_word' id='word_1_11' title='bbox 1705 291 1744 325; x_wconf 92' lang='lat' dir='ltr'>ad</span> <span class='ocrx_word' id='word_1_12' title='bbox 1766 291 1971 325; x_wconf 77' lang='lat' dir='ltr'>solucionem</span> 
     </span>
     <span class='ocr_line' id='line_1_3' title="bbox 105 348 1974 396; baseline 0.001 -13"><span class='ocrx_word' id='word_1_13' title='bbox 105 350 296 396; x_wconf 87' lang='lat' dir='ltr'>principalis</span> <span class='ocrx_word' id='word_1_14' title='bbox 335 348 434 383; x_wconf 89' lang='lat' dir='ltr'>debiti</span> <span class='ocrx_word' id='word_1_15' title='bbox 470 359 535 382; x_wconf 92' lang='lat' dir='ltr'>non</span> <span class='ocrx_word' id='word_1_16' title='bbox 575 348 672 382; x_wconf 87' lang='lat' dir='ltr'>soluti</span> <span class='ocrx_word' id='word_1_17' title='bbox 712 360 751 381; x_wconf 88' lang='lat' dir='ltr'>ac</span> <span class='ocrx_word' id='word_1_18' title='bbox 789 359 961 394; x_wconf 65' lang='lat' dir='ltr'>penarum,</span> <span class='ocrx_word' id='word_1_19' title='bbox 1001 349 1210 393; x_wconf 57' lang='lat' dir='ltr'>damnorum„</span> <span class='ocrx_word' id='word_1_20' title='bbox 1250 362 1474 396; x_wconf 75' lang='lat' dir='ltr'>expensarum</span> <span class='ocrx_word' id='word_1_21' title='bbox 1514 356 1546 385; x_wconf 87' lang='lat' dir='ltr'>et</span> <span class='ocrx_word' id='word_1_22' title='bbox 1581 355 1746 385; x_wconf 88' lang='lat' dir='ltr'>interesse</span> <span class='ocrx_word' id='word_1_23' title='bbox 1789 362 1974 396; x_wconf 78' lang='lat' dir='ltr'>congruam</span> 
     </span>
     <span class='ocr_line' id='line_1_4' title="bbox 105 408 1973 457; baseline 0.001 -13"><span class='ocrx_word' id='word_1_24' title='bbox 105 410 375 445; x_wconf 77' lang='lat' dir='ltr'>satisfaccionem</span> <span class='ocrx_word' id='word_1_25' title='bbox 405 414 436 443; x_wconf 90' lang='lat' dir='ltr'>et</span> <span class='ocrx_word' id='word_1_26' title='bbox 466 408 664 455; x_wconf 81' lang='lat' dir='ltr'>completam</span> <span class='ocrx_word' id='word_1_27' title='bbox 695 408 896 454; x_wconf 84' lang='lat' dir='ltr'>proferimus</span> <span class='ocrx_word' id='word_1_28' title='bbox 926 412 955 442; x_wconf 91' lang='lat' dir='ltr'>in</span> <span class='ocrx_word' id='word_1_29' title='bbox 986 408 1048 442; x_wconf 86' lang='lat' dir='ltr'>hiis</span> <span class='ocrx_word' id='word_1_30' title='bbox 1078 414 1220 456; x_wconf 82' lang='lat' dir='ltr'>scriptis.</span> <span class='ocrx_word' id='word_1_31' title='bbox 1252 410 1414 445; x_wconf 80' lang='lat' dir='ltr'>Volumus</span> <span class='ocrx_word' id='word_1_32' title='bbox 1435 416 1557 447; x_wconf 75' lang='lat' dir='ltr'>tamen.</span> <span class='ocrx_word' id='word_1_33' title='bbox 1579 417 1613 445; x_wconf 90' lang='lat' dir='ltr'>ut.</span> <span class='ocrx_word' id='word_1_34' title='bbox 1642 420 1682 446; x_wconf 84' lang='lat' dir='ltr'>de</span> <span class='ocrx_word' id='word_1_35' title='bbox 1712 412 1807 445; x_wconf 89' lang='lat' dir='ltr'>dictis</span> <span class='ocrx_word' id='word_1_36' title='bbox 1828 415 1973 457; x_wconf 89' lang='lat' dir='ltr'>quinque</span> 
     </span>
     <span class='ocr_line' id='line_1_5' title="bbox 106 468 1971 516; baseline 0.001 -12"><span class='ocrx_word' id='word_1_37' title='bbox 106 473 227 516; x_wconf 84' lang='lat' dir='ltr'>marcis</span> <span class='ocrx_word' id='word_1_38' title='bbox 256 470 395 514; x_wconf 86' lang='lat' dir='ltr'>singulis</span> <span class='ocrx_word' id='word_1_39' title='bbox 425 473 518 503; x_wconf 88' lang='lat' dir='ltr'>annis</span> <span class='ocrx_word' id='word_1_40' title='bbox 548 468 791 503; x_wconf 84' lang='lat' dir='ltr'>honorabilium</span> <span class='ocrx_word' id='word_1_41' title='bbox 822 472 970 502; x_wconf 80' lang='lat' dir='ltr'>virorum</span> <span class='ocrx_word' id='word_1_42' title='bbox 1001 469 1181 504; x_wconf 87' lang='lat' dir='ltr'>Theodrici</span> <span class='ocrx_word' id='word_1_43' title='bbox 1212 472 1376 516; x_wconf 86' lang='lat' dir='ltr'>quondam</span> <span class='ocrx_word' id='word_1_44' title='bbox 1414 475 1468 505; x_wconf 80' lang='lat' dir='ltr'>avi</span> <span class='ocrx_word' id='word_1_45' title='bbox 1507 472 1676 506; x_wconf 87' lang='lat' dir='ltr'>Stanislai.</span> <span class='ocrx_word' id='word_1_46' title='bbox 1708 473 1822 506; x_wconf 79' lang='lat' dir='ltr'>Alexii</span> <span class='ocrx_word' id='word_1_47' title='bbox 1860 472 1971 505; x_wconf 90' lang='lat' dir='ltr'>fratris</span> 
     </span>
     <span class='ocr_line' id='line_1_6' title="bbox 105 528 1972 575; baseline 0.001 -11"><span class='ocrx_word' id='word_1_48' title='bbox 105 531 228 565; x_wconf 89' lang='lat' dir='ltr'>domiui</span> <span class='ocrx_word' id='word_1_49' title='bbox 248 530 418 564; x_wconf 75' lang='lat' dir='ltr'>Witkonis</span> <span class='ocrx_word' id='word_1_50' title='bbox 444 530 608 575; x_wconf 89' lang='lat' dir='ltr'>quondam</span> <span class='ocrx_word' id='word_1_51' title='bbox 638 532 798 575; x_wconf 88' lang='lat' dir='ltr'>prepositi</span> <span class='ocrx_word' id='word_1_52' title='bbox 829 528 1073 564; x_wconf 66' lang='lat' dir='ltr'>t&#39;)to1nuconsis.</span> <span class='ocrx_word' id='word_1_53' title='bbox 1095 530 1171 564; x_wconf 92' lang='lat' dir='ltr'>olim</span> <span class='ocrx_word' id='word_1_54' title='bbox 1202 531 1363 565; x_wconf 80' lang='lat' dir='ltr'>heredum</span> <span class='ocrx_word' id='word_1_55' title='bbox 1393 535 1423 565; x_wconf 90' lang='lat' dir='ltr'>in</span> <span class='ocrx_word' id='word_1_56' title='bbox 1454 531 1709 566; x_wconf 86' lang='lat' dir='ltr'>Bieharzowicz</span> <span class='ocrx_word' id='word_1_57' title='bbox 1739 537 1769 566; x_wconf 83' lang='lat' dir='ltr'>et</span> <span class='ocrx_word' id='word_1_58' title='bbox 1791 532 1972 566; x_wconf 89' lang='lat' dir='ltr'>Theodrici</span> 
     </span>
     <span class='ocr_line' id='line_1_7' title="bbox 105 589 1970 637; baseline 0.001 -13"><span class='ocrx_word' id='word_1_59' title='bbox 105 594 212 637; x_wconf 89' lang='lat' dir='ltr'>patrui</span> <span class='ocrx_word' id='word_1_60' title='bbox 255 594 401 636; x_wconf 88' lang='lat' dir='ltr'>ipsorum</span> <span class='ocrx_word' id='word_1_61' title='bbox 444 591 520 624; x_wconf 93' lang='lat' dir='ltr'>olim</span> <span class='ocrx_word' id='word_1_62' title='bbox 559 592 719 636; x_wconf 83' lang='lat' dir='ltr'>prepositi</span> <span class='ocrx_word' id='word_1_63' title='bbox 758 589 990 623; x_wconf 82' lang='lat' dir='ltr'>Olouiueensis</span> <span class='ocrx_word' id='word_1_64' title='bbox 1029 594 1280 625; x_wconf 79' lang='lat' dir='ltr'>anniversarius</span> <span class='ocrx_word' id='word_1_65' title='bbox 1322 595 1352 625; x_wconf 93' lang='lat' dir='ltr'>in</span> <span class='ocrx_word' id='word_1_66' title='bbox 1399 592 1542 626; x_wconf 80' lang='lat' dir='ltr'>ecclesia</span> <span class='ocrx_word' id='word_1_67' title='bbox 1580 595 1611 625; x_wconf 91' lang='lat' dir='ltr'>in</span> <span class='ocrx_word' id='word_1_68' title='bbox 1641 592 1970 626; x_wconf 81' lang='lat' dir='ltr'>Wotsramskirchen</span> 
     </span>
     <span class='ocr_line' id='line_1_8' title="bbox 104 650 1971 698; baseline 0.001 -13"><span class='ocrx_word' id='word_1_69' title='bbox 104 654 258 697; x_wconf 83' lang='lat' dir='ltr'>proxima</span> <span class='ocrx_word' id='word_1_70' title='bbox 288 651 339 684; x_wconf 92' lang='lat' dir='ltr'>die</span> <span class='ocrx_word' id='word_1_71' title='bbox 369 655 443 696; x_wconf 90' lang='lat' dir='ltr'>post</span> <span class='ocrx_word' id='word_1_72' title='bbox 481 650 566 684; x_wconf 88' lang='lat' dir='ltr'>diem</span> <span class='ocrx_word' id='word_1_73' title='bbox 605 652 789 683; x_wconf 88' lang='lat' dir='ltr'>animarum</span> <span class='ocrx_word' id='word_1_74' title='bbox 828 650 1022 683; x_wconf 84' lang='lat' dir='ltr'>solemniter</span> <span class='ocrx_word' id='word_1_75' title='bbox 1060 656 1252 696; x_wconf 65' lang='lat' dir='ltr'>peragatur,</span> <span class='ocrx_word' id='word_1_76' title='bbox 1292 657 1323 685; x_wconf 93' lang='lat' dir='ltr'>et</span> <span class='ocrx_word' id='word_1_77' title='bbox 1361 653 1447 698; x_wconf 90' lang='lat' dir='ltr'>quod</span> <span class='ocrx_word' id='word_1_78' title='bbox 1486 653 1603 686; x_wconf 89' lang='lat' dir='ltr'>litteris</span> <span class='ocrx_word' id='word_1_79' title='bbox 1641 664 1742 698; x_wconf 89' lang='lat' dir='ltr'>super</span> <span class='ocrx_word' id='word_1_80' title='bbox 1779 653 1842 686; x_wconf 90' lang='lat' dir='ltr'>hoc</span> <span class='ocrx_word' id='word_1_81' title='bbox 1880 656 1971 698; x_wconf 91' lang='lat' dir='ltr'>prius</span> 
     </span>
     <span class='ocr_line' id='line_1_9' title="bbox 105 710 1971 758; baseline 0.001 -13"><span class='ocrx_word' id='word_1_82' title='bbox 105 711 268 745; x_wconf 85' lang='lat' dir='ltr'>confectis</span> <span class='ocrx_word' id='word_1_83' title='bbox 298 715 329 744; x_wconf 91' lang='lat' dir='ltr'>et</span> <span class='ocrx_word' id='word_1_84' title='bbox 358 711 441 744; x_wconf 87' lang='lat' dir='ltr'>datis</span> <span class='ocrx_word' id='word_1_85' title='bbox 470 721 530 756; x_wconf 93' lang='lat' dir='ltr'>per</span> <span class='ocrx_word' id='word_1_86' title='bbox 558 714 733 756; x_wconf 85' lang='lat' dir='ltr'>presentes</span> <span class='ocrx_word' id='word_1_87' title='bbox 768 714 900 743; x_wconf 84' lang='lat' dir='ltr'>nostras</span> <span class='ocrx_word' id='word_1_88' title='bbox 939 710 1051 744; x_wconf 81' lang='lat' dir='ltr'>literas</span> <span class='ocrx_word' id='word_1_89' title='bbox 1089 712 1212 745; x_wconf 93' lang='lat' dir='ltr'>nullum</span> <span class='ocrx_word' id='word_1_90' title='bbox 1251 713 1468 758; x_wconf 78' lang='lat' dir='ltr'>prciudIcium</span> <span class='ocrx_word' id='word_1_91' title='bbox 1507 718 1701 757; x_wconf 87' lang='lat' dir='ltr'>generetur.</span> <span class='ocrx_word' id='word_1_92' title='bbox 1757 713 1793 747; x_wconf 90' lang='lat' dir='ltr'>In</span> <span class='ocrx_word' id='word_1_93' title='bbox 1831 725 1971 758; x_wconf 89' lang='lat' dir='ltr'>quorum</span> 
     </span>
     <span class='ocr_line' id='line_1_10' title="bbox 106 771 1972 819; baseline 0.002 -15"><span class='ocrx_word' id='word_1_94' title='bbox 106 774 250 805; x_wconf 90' lang='lat' dir='ltr'>omnium</span> <span class='ocrx_word' id='word_1_95' title='bbox 294 775 325 804; x_wconf 90' lang='lat' dir='ltr'>et</span> <span class='ocrx_word' id='word_1_96' title='bbox 367 771 573 815; x_wconf 86' lang='lat' dir='ltr'>singulorum</span> <span class='ocrx_word' id='word_1_97' title='bbox 616 773 854 816; x_wconf 86' lang='lat' dir='ltr'>premissorum</span> <span class='ocrx_word' id='word_1_98' title='bbox 899 774 1122 805; x_wconf 87' lang='lat' dir='ltr'>testimonium</span> <span class='ocrx_word' id='word_1_99' title='bbox 1160 773 1303 817; x_wconf 85' lang='lat' dir='ltr'>sigillum</span> <span class='ocrx_word' id='word_1_100' title='bbox 1341 778 1489 807; x_wconf 89' lang='lat' dir='ltr'>nostrum</span> <span class='ocrx_word' id='word_1_101' title='bbox 1530 776 1634 807; x_wconf 88' lang='lat' dir='ltr'>maius</span> <span class='ocrx_word' id='word_1_102' title='bbox 1673 773 1884 819; x_wconf 85' lang='lat' dir='ltr'>presentibus</span> <span class='ocrx_word' id='word_1_103' title='bbox 1922 778 1972 808; x_wconf 88' lang='lat' dir='ltr'>est</span> 
     </span>
     <span class='ocr_line' id='line_1_11' title="bbox 105 831 1970 878; baseline 0.001 -13"><span class='ocrx_word' id='word_1_104' title='bbox 105 843 299 878; x_wconf 89' lang='lat' dir='ltr'>appensum.</span> <span class='ocrx_word' id='word_1_105' title='bbox 356 831 477 865; x_wconf 88' lang='lat' dir='ltr'>Datum</span> <span class='ocrx_word' id='word_1_106' title='bbox 507 836 539 865; x_wconf 90' lang='lat' dir='ltr'>et</span> <span class='ocrx_word' id='word_1_107' title='bbox 573 836 681 865; x_wconf 88' lang='lat' dir='ltr'>actum</span> <span class='ocrx_word' id='word_1_108' title='bbox 713 834 744 864; x_wconf 91' lang='lat' dir='ltr'>in</span> <span class='ocrx_word' id='word_1_109' title='bbox 773 835 884 865; x_wconf 87' lang='lat' dir='ltr'>castro</span> <span class='ocrx_word' id='word_1_110' title='bbox 923 836 1037 865; x_wconf 89' lang='lat' dir='ltr'>nostro</span> <span class='ocrx_word' id='word_1_111' title='bbox 1074 832 1205 866; x_wconf 74' lang='lat' dir='ltr'>Meilicz</span> <span class='ocrx_word' id='word_1_112' title='bbox 1243 845 1260 866; x_wconf 91' lang='lat' dir='ltr'>a</span> <span class='ocrx_word' id='word_1_113' title='bbox 1299 836 1471 868; x_wconf 86' lang='lat' dir='ltr'>nativitate</span> <span class='ocrx_word' id='word_1_114' title='bbox 1510 833 1633 867; x_wconf 90' lang='lat' dir='ltr'>domiui</span> <span class='ocrx_word' id='word_1_115' title='bbox 1670 845 1756 867; x_wconf 89' lang='lat' dir='ltr'>anno</span> <span class='ocrx_word' id='word_1_116' title='bbox 1796 834 1970 868; x_wconf 88' lang='lat' dir='ltr'>millesimo</span> 
     </span>
     <span class='ocr_line' id='line_1_12' title="bbox 106 894 764 937; baseline -0.002 -11"><span class='ocrx_word' id='word_1_117' title='bbox 106 895 344 926; x_wconf 87' lang='lat' dir='ltr'>trecentesimo</span> <span class='ocrx_word' id='word_1_118' title='bbox 374 894 605 936; x_wconf 83' lang='lat' dir='ltr'>octuagesimo</span> <span class='ocrx_word' id='word_1_119' title='bbox 635 896 764 937; x_wconf 82' lang='lat' dir='ltr'>quarto,</span> 
     </span>
    </p>
   </div>
   <div class='ocr_carea' id='block_1_3' title="bbox 416 979 1971 1015">
    <p class='ocr_par' dir='ltr' id='par_1_3' title="bbox 416 979 1971 1015">
     <span class='ocr_line' id='line_1_13' title="bbox 416 979 1971 1015; baseline 0.001 -10"><span class='ocrx_word' id='word_1_120' title='bbox 416 979 490 1014; x_wconf 89' lang='lat' dir='ltr'>(Aus</span> <span class='ocrx_word' id='word_1_121' title='bbox 514 979 563 1005; x_wconf 88' lang='lat' dir='ltr'>der</span> <span class='ocrx_word' id='word_1_122' title='bbox 593 979 774 1013; x_wconf 80' lang='lat' dir='ltr'>Vidimirung</span> <span class='ocrx_word' id='word_1_123' title='bbox 798 979 889 1005; x_wconf 85' lang='lat' dir='ltr'>dieser</span> <span class='ocrx_word' id='word_1_124' title='bbox 922 979 1057 1006; x_wconf 66' lang='lat' dir='ltr'>Urkunde</span> <span class='ocrx_word' id='word_1_125' title='bbox 1092 989 1156 1006; x_wconf 73' lang='lat' dir='ltr'>vom</span> <span class='ocrx_word' id='word_1_126' title='bbox 1187 981 1214 1006; x_wconf 85' lang='lat' dir='ltr'>J.</span> <span class='ocrx_word' id='word_1_127' title='bbox 1241 981 1322 1006; x_wconf 79' lang='lat'>1464</span> <span class='ocrx_word' id='word_1_128' title='bbox 1346 981 1376 1006; x_wconf 90' lang='lat' dir='ltr'>in</span> <span class='ocrx_word' id='word_1_129' title='bbox 1406 981 1497 1006; x_wconf 86' lang='lat' dir='ltr'>einem</span> <span class='ocrx_word' id='word_1_130' title='bbox 1521 981 1651 1006; x_wconf 85' lang='lat' dir='ltr'>Znaimer</span> <span class='ocrx_word' id='word_1_131' title='bbox 1675 981 1800 1015; x_wconf 86' lang='lat' dir='ltr'>Kopiare</span> <span class='ocrx_word' id='word_1_132' title='bbox 1833 990 1883 1007; x_wconf 77' lang='lat' dir='ltr'>aus</span> <span class='ocrx_word' id='word_1_133' title='bbox 1909 982 1971 1007; x_wconf 88' lang='lat' dir='ltr'>dem</span> 
     </span>
    </p>
   </div>
   <div class='ocr_carea' id='block_1_4' title="bbox 523 1031 1263 1066">
    <p class='ocr_par' dir='ltr' id='par_1_4' title="bbox 523 1031 1263 1066">
     <span class='ocr_line' id='line_1_14' title="bbox 523 1031 1263 1066; baseline 0 -9"><span class='ocrx_word' id='word_1_134' title='bbox 523 1032 571 1058; x_wconf 80' lang='lat'>16.</span> <span class='ocrx_word' id='word_1_135' title='bbox 596 1031 808 1057; x_wconf 81' lang='lat' dir='ltr'>Jahrhuuderte</span> <span class='ocrx_word' id='word_1_136' title='bbox 833 1032 870 1057; x_wconf 83' lang='lat' dir='ltr'>im</span> <span class='ocrx_word' id='word_1_137' title='bbox 894 1032 982 1057; x_wconf 69' lang='lat' dir='ltr'>malit.</span> <span class='ocrx_word' id='word_1_138' title='bbox 1007 1032 1263 1066; x_wconf 83' lang='lat' dir='ltr'>Landesarchive.)</span> 
     </span>
    </p>
   </div>
   <div class='ocr_carea' id='block_1_5' title="bbox 107 1229 1969 1377">
    <p class='ocr_par' dir='ltr' id='par_1_5' title="bbox 107 1229 1969 1377">
     <span class='ocr_line' id='line_1_15' title="bbox 985 1229 1093 1264; baseline 0 0"><span class='ocrx_word' id='word_1_139' title='bbox 985 1229 1093 1264; x_wconf 70' lang='lat'>342.</span> 
     </span>
     <span class='ocr_line' id='line_1_16' title="bbox 107 1330 1969 1377; baseline 0 -12"><span class='ocrx_word' id='word_1_140' title='bbox 107 1332 300 1377; x_wconf 72' lang='lat' dir='ltr'>Marltqraf</span> <span class='ocrx_word' id='word_1_141' title='bbox 312 1331 448 1376; x_wconf 72' lang='lat' dir='ltr'>Proltop</span> <span class='ocrx_word' id='word_1_142' title='bbox 478 1331 624 1366; x_wconf 68' lang='lat' dir='ltr'>eerlez‘ht</span> <span class='ocrx_word' id='word_1_143' title='bbox 652 1332 713 1365; x_wconf 80' lang='lat' dir='ltr'>der</span> <span class='ocrx_word' id='word_1_144' title='bbox 733 1330 836 1365; x_wconf 80' lang='lat' dir='ltr'>Stadt</span> <span class='ocrx_word' id='word_1_145' title='bbox 856 1331 985 1366; x_wconf 67' lang='lat' dir='ltr'>Bisenz-</span> <span class='ocrx_word' id='word_1_146' title='bbox 1006 1332 1068 1365; x_wconf 82' lang='lat' dir='ltr'>das</span> <span class='ocrx_word' id='word_1_147' title='bbox 1085 1333 1176 1375; x_wconf 79' lang='lat' dir='ltr'>freie</span> <span class='ocrx_word' id='word_1_148' title='bbox 1199 1331 1506 1376; x_wconf 72' lang='lat' dir='ltr'>Teste&#39;rmeysreclet.</span> <span class='ocrx_word' id='word_1_149' title='bbox 1539 1331 1598 1366; x_wconf 81' lang='lat' dir='ltr'>Dt.</span> <span class='ocrx_word' id='word_1_150' title='bbox 1622 1332 1749 1365; x_wconf 74' lang='lat' dir='ltr'>Be&#39;senz-</span> <span class='ocrx_word' id='word_1_151' title='bbox 1771 1331 1869 1365; x_wconf 74' lang='lat'><em>1384</em></span> <span class='ocrx_word' id='word_1_152' title='bbox 1890 1344 1916 1366; x_wconf 83' lang='lat' dir='ltr'>s.</span> <span class='ocrx_word' id='word_1_153' title='bbox 1939 1332 1969 1366; x_wconf 86' lang='lat' dir='ltr'>d.</span> 
     </span>
    </p>
   </div>
   <div class='ocr_carea' id='block_1_6' title="bbox 104 1425 1975 2695">
    <p class='ocr_par' dir='ltr' id='par_1_6' title="bbox 104 1425 1975 2695">
     <span class='ocr_line' id='line_1_17' title="bbox 261 1425 1971 1491; baseline -0.001 -12"><span class='ocrx_word' id='word_1_154' title='bbox 261 1425 469 1491; x_wconf 81' lang='lat' dir='ltr'>procopius</span> <span class='ocrx_word' id='word_1_155' title='bbox 507 1445 559 1479; x_wconf 92' lang='lat' dir='ltr'>dei</span> <span class='ocrx_word' id='word_1_156' title='bbox 596 1447 711 1490; x_wconf 85' lang='lat' dir='ltr'>gracia</span> <span class='ocrx_word' id='word_1_157' title='bbox 751 1444 900 1478; x_wconf 90' lang='lat' dir='ltr'>marchio</span> <span class='ocrx_word' id='word_1_158' title='bbox 937 1444 1102 1478; x_wconf 76' lang='lat' dir='ltr'>MoraVIe.</span> <span class='ocrx_word' id='word_1_159' title='bbox 1158 1444 1283 1478; x_wconf 86' lang='lat' dir='ltr'>Rerum</span> <span class='ocrx_word' id='word_1_160' title='bbox 1321 1449 1492 1489; x_wconf 84' lang='lat' dir='ltr'>gestarum</span> <span class='ocrx_word' id='word_1_161' title='bbox 1540 1447 1733 1478; x_wconf 88' lang='lat' dir='ltr'>memoriam</span> <span class='ocrx_word' id='word_1_162' title='bbox 1778 1444 1971 1478; x_wconf 86' lang='lat' dir='ltr'>literatenus</span> 
     </span>
     <span class='ocr_line' id='line_1_18' title="bbox 105 1505 1972 1551; baseline -0.001 -11"><span class='ocrx_word' id='word_1_163' title='bbox 105 1506 281 1541; x_wconf 82' lang='lat' dir='ltr'>stabilitam</span> <span class='ocrx_word' id='word_1_164' title='bbox 319 1505 443 1539; x_wconf 89' lang='lat' dir='ltr'>oblivio</span> <span class='ocrx_word' id='word_1_165' title='bbox 474 1517 517 1539; x_wconf 79' lang='lat' dir='ltr'>ex</span> <span class='ocrx_word' id='word_1_166' title='bbox 555 1505 642 1539; x_wconf 87' lang='lat' dir='ltr'>facili</span> <span class='ocrx_word' id='word_1_167' title='bbox 671 1516 737 1539; x_wconf 90' lang='lat' dir='ltr'>non</span> <span class='ocrx_word' id='word_1_168' title='bbox 775 1505 939 1550; x_wconf 58' lang='lat' dir='ltr'>detergitg</span> <span class='ocrx_word' id='word_1_169' title='bbox 969 1517 1006 1539; x_wconf 91' lang='lat' dir='ltr'>ea</span> <span class='ocrx_word' id='word_1_170' title='bbox 1044 1509 1179 1551; x_wconf 89' lang='lat' dir='ltr'>propter</span> <span class='ocrx_word' id='word_1_171' title='bbox 1216 1508 1426 1550; x_wconf 89' lang='lat' dir='ltr'>presencium</span> <span class='ocrx_word' id='word_1_172' title='bbox 1466 1509 1582 1538; x_wconf 85' lang='lat' dir='ltr'>tenore</span> <span class='ocrx_word' id='word_1_173' title='bbox 1620 1507 1787 1538; x_wconf 84' lang='lat' dir='ltr'>universis</span> <span class='ocrx_word' id='word_1_174' title='bbox 1822 1507 1972 1550; x_wconf 86' lang='lat' dir='ltr'>cupimus</span> 
     </span>
     <span class='ocr_line' id='line_1_19' title="bbox 106 1564 1972 1611; baseline -0.002 -11"><span class='ocrx_word' id='word_1_175' title='bbox 106 1566 180 1601; x_wconf 85' lang='lat' dir='ltr'>sore</span> <span class='ocrx_word' id='word_1_176' title='bbox 217 1571 342 1609; x_wconf 70' lang='lat' dir='ltr'>notum.r</span> <span class='ocrx_word' id='word_1_177' title='bbox 373 1566 459 1611; x_wconf 93' lang='lat' dir='ltr'>quod</span> <span class='ocrx_word' id='word_1_178' title='bbox 489 1577 562 1599; x_wconf 90' lang='lat' dir='ltr'>cum</span> <span class='ocrx_word' id='word_1_179' title='bbox 593 1577 636 1599; x_wconf 78' lang='lat' dir='ltr'>ex</span> <span class='ocrx_word' id='word_1_180' title='bbox 666 1565 776 1600; x_wconf 89' lang='lat' dir='ltr'>debito</span> <span class='ocrx_word' id='word_1_181' title='bbox 807 1570 839 1600; x_wconf 88' lang='lat' dir='ltr'>et</span> <span class='ocrx_word' id='word_1_182' title='bbox 867 1568 976 1600; x_wconf 89' lang='lat' dir='ltr'>innata</span> <span class='ocrx_word' id='word_1_183' title='bbox 1005 1565 1100 1599; x_wconf 89' lang='lat' dir='ltr'>nobis</span> <span class='ocrx_word' id='word_1_184' title='bbox 1130 1566 1312 1599; x_wconf 87' lang='lat' dir='ltr'>clemencia</span> <span class='ocrx_word' id='word_1_185' title='bbox 1350 1569 1525 1598; x_wconf 85' lang='lat' dir='ltr'>teneamur</span> <span class='ocrx_word' id='word_1_186' title='bbox 1553 1564 1758 1598; x_wconf 86' lang='lat' dir='ltr'>subditorum</span> <span class='ocrx_word' id='word_1_187' title='bbox 1788 1565 1972 1598; x_wconf 90' lang='lat' dir='ltr'>commodis</span> 
     </span>
     <span class='ocr_line' id='line_1_20' title="bbox 104 1625 1973 1672; baseline -0.001 -12"><span class='ocrx_word' id='word_1_188' title='bbox 104 1627 285 1672; x_wconf 81' lang='lat' dir='ltr'>vigilanter</span> <span class='ocrx_word' id='word_1_189' title='bbox 321 1627 489 1670; x_wconf 52' lang='lat' dir='ltr'>insudarea</span> <span class='ocrx_word' id='word_1_190' title='bbox 525 1627 756 1661; x_wconf 89' lang='lat' dir='ltr'>condicionem</span> <span class='ocrx_word' id='word_1_191' title='bbox 800 1630 946 1672; x_wconf 90' lang='lat' dir='ltr'>ipsorum</span> <span class='ocrx_word' id='word_1_192' title='bbox 992 1626 1208 1660; x_wconf 84' lang='lat' dir='ltr'>meliorando.</span> <span class='ocrx_word' id='word_1_193' title='bbox 1256 1625 1418 1659; x_wconf 87' lang='lat' dir='ltr'>Volentes</span> <span class='ocrx_word' id='word_1_194' title='bbox 1452 1628 1563 1670; x_wconf 82' lang='lat' dir='ltr'>igitur.</span> <span class='ocrx_word' id='word_1_195' title='bbox 1602 1630 1634 1658; x_wconf 89' lang='lat' dir='ltr'>ut</span> <span class='ocrx_word' id='word_1_196' title='bbox 1678 1625 1786 1658; x_wconf 86' lang='lat' dir='ltr'>incole</span> <span class='ocrx_word' id='word_1_197' title='bbox 1830 1628 1973 1659; x_wconf 87' lang='lat' dir='ltr'>civitatis</span> 
     </span>
     <span class='ocr_line' id='line_1_21' title="bbox 104 1684 1972 1733; baseline -0.002 -11"><span class='ocrx_word' id='word_1_198' title='bbox 104 1692 218 1722; x_wconf 89' lang='lat' dir='ltr'>nostre</span> <span class='ocrx_word' id='word_1_199' title='bbox 246 1687 401 1721; x_wconf 89' lang='lat' dir='ltr'>Bzenecz</span> <span class='ocrx_word' id='word_1_200' title='bbox 431 1693 463 1721; x_wconf 85' lang='lat' dir='ltr'>et</span> <span class='ocrx_word' id='word_1_201' title='bbox 491 1690 593 1733; x_wconf 88' lang='lat' dir='ltr'>ipsius</span> <span class='ocrx_word' id='word_1_202' title='bbox 621 1687 768 1721; x_wconf 88' lang='lat' dir='ltr'>suburbii</span> <span class='ocrx_word' id='word_1_203' title='bbox 797 1698 941 1733; x_wconf 87' lang='lat' dir='ltr'>operose</span> <span class='ocrx_word' id='word_1_204' title='bbox 970 1690 1037 1720; x_wconf 88' lang='lat' dir='ltr'>suis</span> <span class='ocrx_word' id='word_1_205' title='bbox 1066 1685 1235 1720; x_wconf 86' lang='lat' dir='ltr'>laboribus</span> <span class='ocrx_word' id='word_1_206' title='bbox 1264 1691 1296 1720; x_wconf 87' lang='lat' dir='ltr'>et</span> <span class='ocrx_word' id='word_1_207' title='bbox 1324 1685 1492 1720; x_wconf 89' lang='lat' dir='ltr'>laboriose</span> <span class='ocrx_word' id='word_1_208' title='bbox 1521 1685 1690 1719; x_wconf 82' lang='lat' dir='ltr'>intendant</span> <span class='ocrx_word' id='word_1_209' title='bbox 1719 1688 1786 1719; x_wconf 86' lang='lat' dir='ltr'>suis</span> <span class='ocrx_word' id='word_1_210' title='bbox 1816 1684 1972 1731; x_wconf 89' lang='lat' dir='ltr'>operibus</span> 
     </span>
     <span class='ocr_line' id='line_1_22' title="bbox 106 1745 1973 1794; baseline -0.002 -13"><span class='ocrx_word' id='word_1_211' title='bbox 106 1751 209 1794; x_wconf 64' lang='lat' dir='ltr'>ipsos,</span> <span class='ocrx_word' id='word_1_212' title='bbox 247 1747 392 1781; x_wconf 90' lang='lat' dir='ltr'>heredes</span> <span class='ocrx_word' id='word_1_213' title='bbox 421 1751 569 1794; x_wconf 88' lang='lat' dir='ltr'>ipsorum</span> <span class='ocrx_word' id='word_1_214' title='bbox 606 1759 646 1781; x_wconf 91' lang='lat' dir='ltr'>ac</span> <span class='ocrx_word' id='word_1_215' title='bbox 674 1759 892 1781; x_wconf 88' lang='lat' dir='ltr'>successores</span> <span class='ocrx_word' id='word_1_216' title='bbox 928 1747 1156 1781; x_wconf 71' lang='lat' dir='ltr'>tibertavunus</span> <span class='ocrx_word' id='word_1_217' title='bbox 1196 1751 1227 1780; x_wconf 92' lang='lat' dir='ltr'>et</span> <span class='ocrx_word' id='word_1_218' title='bbox 1262 1745 1474 1792; x_wconf 89' lang='lat' dir='ltr'>presentibus</span> <span class='ocrx_word' id='word_1_219' title='bbox 1510 1745 1714 1788; x_wconf 74' lang='lat' dir='ltr'>libertamus.v</span> <span class='ocrx_word' id='word_1_220' title='bbox 1754 1750 1787 1779; x_wconf 90' lang='lat' dir='ltr'>ut</span> <span class='ocrx_word' id='word_1_221' title='bbox 1825 1749 1973 1791; x_wconf 89' lang='lat' dir='ltr'>ipsorum</span> 
     </span>
     <span class='ocr_line' id='line_1_23' title="bbox 106 1806 1973 1854; baseline -0.002 -12"><span class='ocrx_word' id='word_1_222' title='bbox 106 1808 332 1854; x_wconf 89' lang='lat' dir='ltr'>emphiteoses</span> <span class='ocrx_word' id='word_1_223' title='bbox 361 1813 541 1853; x_wconf 88' lang='lat' dir='ltr'>ceteraque</span> <span class='ocrx_word' id='word_1_224' title='bbox 569 1808 656 1842; x_wconf 92' lang='lat' dir='ltr'>bona</span> <span class='ocrx_word' id='word_1_225' title='bbox 686 1807 818 1841; x_wconf 90' lang='lat' dir='ltr'>mobilia</span> <span class='ocrx_word' id='word_1_226' title='bbox 853 1811 885 1841; x_wconf 93' lang='lat' dir='ltr'>in</span> <span class='ocrx_word' id='word_1_227' title='bbox 913 1811 982 1841; x_wconf 72' lang='lat' dir='ltr'>vita</span> <span class='ocrx_word' id='word_1_228' title='bbox 1019 1812 1048 1841; x_wconf 89' lang='lat' dir='ltr'>et</span> <span class='ocrx_word' id='word_1_229' title='bbox 1078 1812 1150 1852; x_wconf 88' lang='lat' dir='ltr'>post</span> <span class='ocrx_word' id='word_1_230' title='bbox 1180 1811 1322 1840; x_wconf 89' lang='lat' dir='ltr'>mortem</span> <span class='ocrx_word' id='word_1_231' title='bbox 1352 1809 1457 1840; x_wconf 90' lang='lat' dir='ltr'>eciam</span> <span class='ocrx_word' id='word_1_232' title='bbox 1487 1806 1622 1840; x_wconf 84' lang='lat' dir='ltr'>valeant</span> <span class='ocrx_word' id='word_1_233' title='bbox 1651 1809 1836 1851; x_wconf 90' lang='lat' dir='ltr'>cuicunque</span> <span class='ocrx_word' id='word_1_234' title='bbox 1870 1806 1973 1839; x_wconf 74' lang='lat' dir='ltr'>velint</span> 
     </span>
     <span class='ocr_line' id='line_1_24' title="bbox 105 1866 1972 1914; baseline -0.002 -12"><span class='ocrx_word' id='word_1_235' title='bbox 105 1869 198 1911; x_wconf 81' lang='lat' dir='ltr'>dare,</span> <span class='ocrx_word' id='word_1_236' title='bbox 236 1873 269 1902; x_wconf 87' lang='lat' dir='ltr'>et</span> <span class='ocrx_word' id='word_1_237' title='bbox 304 1868 344 1901; x_wconf 90' lang='lat' dir='ltr'>de</span> <span class='ocrx_word' id='word_1_238' title='bbox 378 1871 458 1914; x_wconf 87' lang='lat' dir='ltr'>ipsis</span> <span class='ocrx_word' id='word_1_239' title='bbox 496 1871 622 1909; x_wconf 66' lang='lat' dir='ltr'>testari,</span> <span class='ocrx_word' id='word_1_240' title='bbox 661 1872 693 1902; x_wconf 87' lang='lat' dir='ltr'>et</span> <span class='ocrx_word' id='word_1_241' title='bbox 731 1868 771 1902; x_wconf 92' lang='lat' dir='ltr'>de</span> <span class='ocrx_word' id='word_1_242' title='bbox 808 1871 888 1914; x_wconf 89' lang='lat' dir='ltr'>ipsis</span> <span class='ocrx_word' id='word_1_243' title='bbox 926 1871 1043 1913; x_wconf 64' lang='lat' dir='ltr'>quovis</span> <span class='ocrx_word' id='word_1_244' title='bbox 1082 1867 1179 1901; x_wconf 91' lang='lat' dir='ltr'>modo</span> <span class='ocrx_word' id='word_1_245' title='bbox 1218 1867 1409 1912; x_wconf 66' lang='lat' dir='ltr'>disponere,</span> <span class='ocrx_word' id='word_1_246' title='bbox 1448 1867 1630 1900; x_wconf 89' lang='lat' dir='ltr'>secundum</span> <span class='ocrx_word' id='word_1_247' title='bbox 1668 1866 1788 1912; x_wconf 90' lang='lat' dir='ltr'>placito</span> <span class='ocrx_word' id='word_1_248' title='bbox 1826 1869 1972 1912; x_wconf 86' lang='lat' dir='ltr'>ipsorum</span> 
     </span>
     <span class='ocr_line' id='line_1_25' title="bbox 104 1926 1975 1974; baseline -0.001 -12"><span class='ocrx_word' id='word_1_249' title='bbox 104 1928 295 1963; x_wconf 89' lang='lat' dir='ltr'>voluntatis.</span> <span class='ocrx_word' id='word_1_250' title='bbox 344 1928 380 1962; x_wconf 90' lang='lat' dir='ltr'>Si</span> <span class='ocrx_word' id='word_1_251' title='bbox 416 1933 525 1962; x_wconf 88' lang='lat' dir='ltr'>autem</span> <span class='ocrx_word' id='word_1_252' title='bbox 564 1928 706 1973; x_wconf 87' lang='lat' dir='ltr'>aliquem</span> <span class='ocrx_word' id='word_1_253' title='bbox 743 1940 786 1962; x_wconf 80' lang='lat' dir='ltr'>ex</span> <span class='ocrx_word' id='word_1_254' title='bbox 821 1931 901 1974; x_wconf 89' lang='lat' dir='ltr'>ipsis</span> <span class='ocrx_word' id='word_1_255' title='bbox 938 1928 1063 1973; x_wconf 87' lang='lat' dir='ltr'>absque</span> <span class='ocrx_word' id='word_1_256' title='bbox 1101 1927 1213 1961; x_wconf 83' lang='lat' dir='ltr'>liberis</span> <span class='ocrx_word' id='word_1_257' title='bbox 1252 1938 1311 1961; x_wconf 90' lang='lat' dir='ltr'>seu</span> <span class='ocrx_word' id='word_1_258' title='bbox 1349 1926 1528 1961; x_wconf 87' lang='lat' dir='ltr'>heredibus</span> <span class='ocrx_word' id='word_1_259' title='bbox 1566 1939 1625 1961; x_wconf 86' lang='lat' dir='ltr'>seu</span> <span class='ocrx_word' id='word_1_260' title='bbox 1663 1930 1852 1960; x_wconf 89' lang='lat' dir='ltr'>intestatum</span> <span class='ocrx_word' id='word_1_261' title='bbox 1892 1929 1975 1960; x_wconf 89' lang='lat' dir='ltr'>mori</span> 
     </span>
     <span class='ocr_line' id='line_1_26' title="bbox 105 1987 1974 2034; baseline -0.001 -12"><span class='ocrx_word' id='word_1_262' title='bbox 105 1992 288 2033; x_wconf 62' lang='lat' dir='ltr'>contingat,</span> <span class='ocrx_word' id='word_1_263' title='bbox 309 1993 386 2023; x_wconf 89' lang='lat' dir='ltr'>tunc</span> <span class='ocrx_word' id='word_1_264' title='bbox 407 1989 559 2023; x_wconf 85' lang='lat' dir='ltr'>volumus</span> <span class='ocrx_word' id='word_1_265' title='bbox 580 1992 682 2034; x_wconf 91' lang='lat' dir='ltr'>ipsius</span> <span class='ocrx_word' id='word_1_266' title='bbox 702 1989 947 2034; x_wconf 63' lang='lat' dir='ltr'>emphiteosiun</span> <span class='ocrx_word' id='word_1_267' title='bbox 969 2000 1027 2022; x_wconf 84' lang='lat' dir='ltr'>seu</span> <span class='ocrx_word' id='word_1_268' title='bbox 1057 1991 1175 2033; x_wconf 83' lang='lat' dir='ltr'>quevis</span> <span class='ocrx_word' id='word_1_269' title='bbox 1196 1988 1258 2021; x_wconf 87' lang='lat' dir='ltr'>alia</span> <span class='ocrx_word' id='word_1_270' title='bbox 1288 1987 1373 2021; x_wconf 91' lang='lat' dir='ltr'>bona</span> <span class='ocrx_word' id='word_1_271' title='bbox 1394 1987 1433 2020; x_wconf 90' lang='lat' dir='ltr'>ad</span> <span class='ocrx_word' id='word_1_272' title='bbox 1455 1990 1652 2021; x_wconf 78' lang='lat' dir='ltr'>viciniorem</span> <span class='ocrx_word' id='word_1_273' title='bbox 1683 1987 1744 2021; x_wconf 90' lang='lat' dir='ltr'>sibi</span> <span class='ocrx_word' id='word_1_274' title='bbox 1765 1990 1974 2031; x_wconf 86' lang='lat' dir='ltr'>cognacione</span> 
     </span>
     <span class='ocr_line' id='line_1_27' title="bbox 106 2046 1973 2094; baseline -0.002 -11"><span class='ocrx_word' id='word_1_275' title='bbox 106 2049 253 2092; x_wconf 65' lang='lat' dir='ltr'>devolvi,</span> <span class='ocrx_word' id='word_1_276' title='bbox 283 2060 349 2083; x_wconf 89' lang='lat' dir='ltr'>non</span> <span class='ocrx_word' id='word_1_277' title='bbox 378 2048 531 2083; x_wconf 89' lang='lat' dir='ltr'>obstante</span> <span class='ocrx_word' id='word_1_278' title='bbox 561 2049 801 2083; x_wconf 89' lang='lat' dir='ltr'>consuetudine</span> <span class='ocrx_word' id='word_1_279' title='bbox 831 2054 862 2083; x_wconf 87' lang='lat' dir='ltr'>in</span> <span class='ocrx_word' id='word_1_280' title='bbox 892 2052 1094 2083; x_wconf 86' lang='lat' dir='ltr'>contrarium</span> <span class='ocrx_word' id='word_1_281' title='bbox 1125 2059 1222 2093; x_wconf 88' lang='lat' dir='ltr'>quam</span> <span class='ocrx_word' id='word_1_282' title='bbox 1251 2051 1356 2082; x_wconf 88' lang='lat' dir='ltr'>nostri</span> <span class='ocrx_word' id='word_1_283' title='bbox 1377 2048 1639 2094; x_wconf 83' lang='lat' dir='ltr'>predecessores</span> <span class='ocrx_word' id='word_1_284' title='bbox 1666 2052 1696 2081; x_wconf 89' lang='lat' dir='ltr'>et</span> <span class='ocrx_word' id='word_1_285' title='bbox 1718 2058 1779 2081; x_wconf 90' lang='lat' dir='ltr'>nos</span> <span class='ocrx_word' id='word_1_286' title='bbox 1800 2046 1973 2080; x_wconf 86' lang='lat' dir='ltr'>habuimus</span> 
     </span>
     <span class='ocr_line' id='line_1_28' title="bbox 104 2107 1973 2155; baseline -0.002 -12"><span class='ocrx_word' id='word_1_287' title='bbox 104 2113 138 2143; x_wconf 89' lang='lat' dir='ltr'>in</span> <span class='ocrx_word' id='word_1_288' title='bbox 167 2110 303 2143; x_wconf 90' lang='lat' dir='ltr'>eisdem.</span> <span class='ocrx_word' id='word_1_289' title='bbox 325 2109 488 2144; x_wconf 91' lang='lat' dir='ltr'>Volumus</span> <span class='ocrx_word' id='word_1_290' title='bbox 509 2113 615 2143; x_wconf 87' lang='lat' dir='ltr'>eciam</span> <span class='ocrx_word' id='word_1_291' title='bbox 645 2114 677 2143; x_wconf 86' lang='lat' dir='ltr'>et</span> <span class='ocrx_word' id='word_1_292' title='bbox 696 2110 908 2155; x_wconf 88' lang='lat' dir='ltr'>presentibus</span> <span class='ocrx_word' id='word_1_293' title='bbox 929 2113 1008 2155; x_wconf 85' lang='lat' dir='ltr'>ipsis</span> <span class='ocrx_word' id='word_1_294' title='bbox 1037 2112 1159 2142; x_wconf 86' lang='lat' dir='ltr'>nostris</span> <span class='ocrx_word' id='word_1_295' title='bbox 1189 2108 1317 2142; x_wconf 84' lang='lat' dir='ltr'>civibus</span> <span class='ocrx_word' id='word_1_296' title='bbox 1347 2109 1505 2154; x_wconf 88' lang='lat' dir='ltr'>predictis</span> <span class='ocrx_word' id='word_1_297' title='bbox 1535 2109 1695 2142; x_wconf 83' lang='lat' dir='ltr'>donamus</span> <span class='ocrx_word' id='word_1_298' title='bbox 1717 2112 1747 2141; x_wconf 91' lang='lat' dir='ltr'>et</span> <span class='ocrx_word' id='word_1_299' title='bbox 1769 2107 1973 2141; x_wconf 80' lang='lat' dir='ltr'>conferimus</span> 
     </span>
     <span class='ocr_line' id='line_1_29' title="bbox 106 2168 1973 2215; baseline -0.002 -12"><span class='ocrx_word' id='word_1_300' title='bbox 106 2173 138 2203; x_wconf 91' lang='lat' dir='ltr'>in</span> <span class='ocrx_word' id='word_1_301' title='bbox 166 2174 363 2215; x_wconf 87' lang='lat' dir='ltr'>perpetuum</span> <span class='ocrx_word' id='word_1_302' title='bbox 393 2181 437 2203; x_wconf 81' lang='lat' dir='ltr'>ex</span> <span class='ocrx_word' id='word_1_303' title='bbox 466 2175 558 2204; x_wconf 89' lang='lat' dir='ltr'>certa</span> <span class='ocrx_word' id='word_1_304' title='bbox 596 2174 709 2204; x_wconf 85' lang='lat' dir='ltr'>nostra</span> <span class='ocrx_word' id='word_1_305' title='bbox 740 2173 897 2213; x_wconf 67' lang='lat' dir='ltr'>sciencia,</span> <span class='ocrx_word' id='word_1_306' title='bbox 928 2174 1185 2214; x_wconf 89' lang='lat' dir='ltr'>nostrorumque</span> <span class='ocrx_word' id='word_1_307' title='bbox 1220 2169 1487 2202; x_wconf 86' lang='lat' dir='ltr'>consiliariorum</span> <span class='ocrx_word' id='word_1_308' title='bbox 1516 2180 1598 2202; x_wconf 88' lang='lat' dir='ltr'>sano</span> <span class='ocrx_word' id='word_1_309' title='bbox 1628 2169 1667 2202; x_wconf 90' lang='lat' dir='ltr'>ad</span> <span class='ocrx_word' id='word_1_310' title='bbox 1698 2168 1761 2201; x_wconf 89' lang='lat' dir='ltr'>hoc</span> <span class='ocrx_word' id='word_1_311' title='bbox 1790 2168 1973 2201; x_wconf 83' lang='lat' dir='ltr'>accedente</span> 
     </span>
     <span class='ocr_line' id='line_1_30' title="bbox 105 2228 1972 2275; baseline -0.001 -12"><span class='ocrx_word' id='word_1_312' title='bbox 105 2230 257 2273; x_wconf 69' lang='lat' dir='ltr'>consilio7</span> <span class='ocrx_word' id='word_1_313' title='bbox 273 2234 308 2263; x_wconf 86' lang='lat' dir='ltr'>ut</span> <span class='ocrx_word' id='word_1_314' title='bbox 323 2233 412 2263; x_wconf 89' lang='lat' dir='ltr'>omni</span> <span class='ocrx_word' id='word_1_315' title='bbox 428 2233 511 2267; x_wconf 66' lang='lat' dir='ltr'>iure,</span> <span class='ocrx_word' id='word_1_316' title='bbox 529 2230 680 2264; x_wconf 87' lang='lat' dir='ltr'>libertate</span> <span class='ocrx_word' id='word_1_317' title='bbox 697 2235 729 2264; x_wconf 86' lang='lat' dir='ltr'>et</span> <span class='ocrx_word' id='word_1_318' title='bbox 745 2233 924 2264; x_wconf 86' lang='lat' dir='ltr'>emunitate</span> <span class='ocrx_word' id='word_1_319' title='bbox 945 2229 1052 2275; x_wconf 87' lang='lat' dir='ltr'>quoad</span> <span class='ocrx_word' id='word_1_320' title='bbox 1074 2232 1236 2274; x_wconf 88' lang='lat' dir='ltr'>premissa</span> <span class='ocrx_word' id='word_1_321' title='bbox 1253 2233 1283 2262; x_wconf 87' lang='lat' dir='ltr'>et</span> <span class='ocrx_word' id='word_1_322' title='bbox 1300 2229 1489 2275; x_wconf 87' lang='lat' dir='ltr'>specialiter</span> <span class='ocrx_word' id='word_1_323' title='bbox 1504 2228 1709 2262; x_wconf 82' lang='lat' dir='ltr'>braxacione</span> <span class='ocrx_word' id='word_1_324' title='bbox 1725 2233 1757 2262; x_wconf 90' lang='lat' dir='ltr'>et</span> <span class='ocrx_word' id='word_1_325' title='bbox 1772 2228 1972 2261; x_wconf 77' lang='lat' dir='ltr'>vendicione</span> 
     </span>
     <span class='ocr_line' id='line_1_31' title="bbox 106 2288 1973 2332; baseline -0.001 -9"><span class='ocrx_word' id='word_1_326' title='bbox 106 2293 284 2332; x_wconf 74' lang='lat' dir='ltr'>cerevisie,</span> <span class='ocrx_word' id='word_1_327' title='bbox 305 2295 339 2323; x_wconf 93' lang='lat' dir='ltr'>ut</span> <span class='ocrx_word' id='word_1_328' title='bbox 368 2291 477 2324; x_wconf 91' lang='lat' dir='ltr'>incole</span> <span class='ocrx_word' id='word_1_329' title='bbox 506 2293 677 2324; x_wconf 85' lang='lat' dir='ltr'>civitatum</span> <span class='ocrx_word' id='word_1_330' title='bbox 708 2290 881 2327; x_wconf 39' lang='lat' dir='ltr'>olomuc&amp;</span> <span class='ocrx_word' id='word_1_331' title='bbox 911 2289 1022 2323; x_wconf 88' lang='lat' dir='ltr'>Brune</span> <span class='ocrx_word' id='word_1_332' title='bbox 1052 2294 1083 2322; x_wconf 81' lang='lat' dir='ltr'>et.</span> <span class='ocrx_word' id='word_1_333' title='bbox 1112 2290 1249 2322; x_wconf 88' lang='lat' dir='ltr'>aliarum</span> <span class='ocrx_word' id='word_1_334' title='bbox 1279 2292 1449 2323; x_wconf 82' lang='lat' dir='ltr'>civitatum</span> <span class='ocrx_word' id='word_1_335' title='bbox 1479 2294 1667 2323; x_wconf 90' lang='lat' dir='ltr'>nostrarum</span> <span class='ocrx_word' id='word_1_336' title='bbox 1698 2288 1973 2322; x_wconf 89' lang='lat' dir='ltr'>marchionalium</span> 
     </span>
     <span class='ocr_line' id='line_1_32' title="bbox 105 2346 1974 2397; baseline -0.002 -13"><span class='ocrx_word' id='word_1_337' title='bbox 105 2350 254 2395; x_wconf 84' lang='lat' dir='ltr'>gaudent</span> <span class='ocrx_word' id='word_1_338' title='bbox 290 2355 321 2383; x_wconf 92' lang='lat' dir='ltr'>et</span> <span class='ocrx_word' id='word_1_339' title='bbox 357 2351 583 2396; x_wconf 89' lang='lat' dir='ltr'>perfruuntur.</span> <span class='ocrx_word' id='word_1_340' title='bbox 614 2351 739 2397; x_wconf 84' lang='lat' dir='ltr'>perfrui</span> <span class='ocrx_word' id='word_1_341' title='bbox 769 2351 912 2384; x_wconf 86' lang='lat' dir='ltr'>debeant</span> <span class='ocrx_word' id='word_1_342' title='bbox 941 2355 970 2383; x_wconf 91' lang='lat' dir='ltr'>et</span> <span class='ocrx_word' id='word_1_343' title='bbox 1001 2350 1150 2394; x_wconf 87' lang='lat' dir='ltr'>gaudere</span> <span class='ocrx_word' id='word_1_344' title='bbox 1187 2354 1300 2395; x_wconf 88' lang='lat' dir='ltr'>preter</span> <span class='ocrx_word' id='word_1_345' title='bbox 1338 2350 1464 2383; x_wconf 88' lang='lat' dir='ltr'>incolas</span> <span class='ocrx_word' id='word_1_346' title='bbox 1502 2352 1645 2383; x_wconf 85' lang='lat' dir='ltr'>civitatis</span> <span class='ocrx_word' id='word_1_347' title='bbox 1684 2353 1800 2382; x_wconf 87' lang='lat' dir='ltr'>nostre</span> <span class='ocrx_word' id='word_1_348' title='bbox 1837 2346 1974 2390; x_wconf 80' lang='lat' dir='ltr'>Ostroh‚</span> 
     </span>
     <span class='ocr_line' id='line_1_33' title="bbox 106 2408 1974 2456; baseline -0.002 -12"><span class='ocrx_word' id='word_1_349' title='bbox 106 2421 189 2456; x_wconf 89' lang='lat' dir='ltr'>quos</span> <span class='ocrx_word' id='word_1_350' title='bbox 219 2422 262 2444; x_wconf 81' lang='lat' dir='ltr'>ex</span> <span class='ocrx_word' id='word_1_351' title='bbox 299 2411 436 2456; x_wconf 89' lang='lat' dir='ltr'>speciali</span> <span class='ocrx_word' id='word_1_352' title='bbox 464 2414 579 2455; x_wconf 81' lang='lat' dir='ltr'>gracia</span> <span class='ocrx_word' id='word_1_353' title='bbox 610 2414 744 2444; x_wconf 89' lang='lat' dir='ltr'>maioris</span> <span class='ocrx_word' id='word_1_354' title='bbox 773 2411 941 2456; x_wconf 79' lang='lat' dir='ltr'>privilegii</span> <span class='ocrx_word' id='word_1_355' title='bbox 971 2410 1188 2443; x_wconf 87' lang='lat' dir='ltr'>libertacione</span> <span class='ocrx_word' id='word_1_356' title='bbox 1217 2409 1458 2452; x_wconf 65' lang='lat' dir='ltr'>lffiertavtmus,</span> <span class='ocrx_word' id='word_1_357' title='bbox 1488 2412 1578 2454; x_wconf 90' lang='lat' dir='ltr'>ipsos</span> <span class='ocrx_word' id='word_1_358' title='bbox 1613 2408 1653 2442; x_wconf 93' lang='lat' dir='ltr'>ab</span> <span class='ocrx_word' id='word_1_359' title='bbox 1684 2411 1772 2442; x_wconf 89' lang='lat' dir='ltr'>omni</span> <span class='ocrx_word' id='word_1_360' title='bbox 1801 2408 1974 2441; x_wconf 89' lang='lat' dir='ltr'>solucione</span> 
     </span>
     <span class='ocr_line' id='line_1_34' title="bbox 107 2468 1974 2516; baseline -0.002 -12"><span class='ocrx_word' id='word_1_361' title='bbox 107 2471 298 2505; x_wconf 83' lang='lat' dir='ltr'>eximendo.</span> <span class='ocrx_word' id='word_1_362' title='bbox 316 2470 403 2504; x_wconf 80' lang='lat' dir='ltr'>Nulli</span> <span class='ocrx_word' id='word_1_363' title='bbox 420 2482 503 2516; x_wconf 87' lang='lat' dir='ltr'>ergo</span> <span class='ocrx_word' id='word_1_364' title='bbox 520 2471 606 2505; x_wconf 91' lang='lat' dir='ltr'>hanc</span> <span class='ocrx_word' id='word_1_365' title='bbox 621 2476 767 2505; x_wconf 89' lang='lat' dir='ltr'>nostram</span> <span class='ocrx_word' id='word_1_366' title='bbox 786 2472 1005 2505; x_wconf 85' lang='lat' dir='ltr'>donacionem</span> <span class='ocrx_word' id='word_1_367' title='bbox 1023 2481 1082 2503; x_wconf 89' lang='lat' dir='ltr'>seu</span> <span class='ocrx_word' id='word_1_368' title='bbox 1098 2470 1348 2503; x_wconf 89' lang='lat' dir='ltr'>libertacionem</span> <span class='ocrx_word' id='word_1_369' title='bbox 1365 2469 1473 2515; x_wconf 88' lang='lat' dir='ltr'>quoad</span> <span class='ocrx_word' id='word_1_370' title='bbox 1490 2472 1652 2514; x_wconf 85' lang='lat' dir='ltr'>premissa</span> <span class='ocrx_word' id='word_1_371' title='bbox 1665 2469 1761 2501; x_wconf 83' lang='lat' dir='ltr'>liceat</span> <span class='ocrx_word' id='word_1_372' title='bbox 1776 2468 1974 2512; x_wconf 89' lang='lat' dir='ltr'>infringere.</span> 
     </span>
     <span class='ocr_line' id='line_1_35' title="bbox 106 2531 1975 2575; baseline -0.002 -10"><span class='ocrx_word' id='word_1_373' title='bbox 106 2531 163 2565; x_wconf 79' lang='lat' dir='ltr'>vel</span> <span class='ocrx_word' id='word_1_374' title='bbox 191 2534 222 2564; x_wconf 92' lang='lat' dir='ltr'>ei</span> <span class='ocrx_word' id='word_1_375' title='bbox 251 2542 333 2564; x_wconf 88' lang='lat' dir='ltr'>ausu</span> <span class='ocrx_word' id='word_1_376' title='bbox 363 2535 542 2565; x_wconf 86' lang='lat' dir='ltr'>temerario</span> <span class='ocrx_word' id='word_1_377' title='bbox 579 2534 757 2565; x_wconf 86' lang='lat' dir='ltr'>contraire.</span> <span class='ocrx_word' id='word_1_378' title='bbox 790 2531 852 2572; x_wconf 88' lang='lat' dir='ltr'>Qui</span> <span class='ocrx_word' id='word_1_379' title='bbox 882 2535 990 2564; x_wconf 91' lang='lat' dir='ltr'>autem</span> <span class='ocrx_word' id='word_1_380' title='bbox 1021 2541 1118 2564; x_wconf 87' lang='lat' dir='ltr'>secus</span> <span class='ocrx_word' id='word_1_381' title='bbox 1149 2535 1346 2575; x_wconf 85' lang='lat' dir='ltr'>attemptare</span> <span class='ocrx_word' id='word_1_382' title='bbox 1375 2532 1625 2575; x_wconf 47' lang='lat' dir='ltr'>presumpseritq</span> <span class='ocrx_word' id='word_1_383' title='bbox 1656 2533 1803 2562; x_wconf 84' lang='lat' dir='ltr'>nostram</span> <span class='ocrx_word' id='word_1_384' title='bbox 1834 2539 1975 2573; x_wconf 77' lang='lat' dir='ltr'>gravem</span> 
     </span>
     <span class='ocr_line' id='line_1_36' title="bbox 106 2589 1971 2636; baseline -0.002 -11"><span class='ocrx_word' id='word_1_385' title='bbox 106 2591 374 2635; x_wconf 80' lang='lat' dir='ltr'>indignacionem</span> <span class='ocrx_word' id='word_1_386' title='bbox 403 2596 660 2636; x_wconf 85' lang='lat' dir='ltr'>nostrorumque</span> <span class='ocrx_word' id='word_1_387' title='bbox 689 2591 849 2624; x_wconf 87' lang='lat' dir='ltr'>heredum</span> <span class='ocrx_word' id='word_1_388' title='bbox 887 2602 924 2624; x_wconf 87' lang='lat' dir='ltr'>ac</span> <span class='ocrx_word' id='word_1_389' title='bbox 963 2601 1196 2624; x_wconf 83' lang='lat' dir='ltr'>successorum</span> <span class='ocrx_word' id='word_1_390' title='bbox 1234 2590 1351 2635; x_wconf 89' lang='lat' dir='ltr'>procul</span> <span class='ocrx_word' id='word_1_391' title='bbox 1386 2589 1484 2623; x_wconf 88' lang='lat' dir='ltr'>dubio</span> <span class='ocrx_word' id='word_1_392' title='bbox 1522 2600 1559 2622; x_wconf 90' lang='lat' dir='ltr'>se</span> <span class='ocrx_word' id='word_1_393' title='bbox 1597 2593 1713 2622; x_wconf 85' lang='lat' dir='ltr'>noscat</span> <span class='ocrx_word' id='word_1_394' title='bbox 1750 2591 1971 2622; x_wconf 88' lang='lat' dir='ltr'>incursurum.</span> 
     </span>
     <span class='ocr_line' id='line_1_37' title="bbox 106 2648 1972 2695; baseline -0.002 -11"><span class='ocrx_word' id='word_1_395' title='bbox 106 2651 227 2685; x_wconf 91' lang='lat' dir='ltr'>Datum</span> <span class='ocrx_word' id='word_1_396' title='bbox 256 2651 409 2685; x_wconf 89' lang='lat' dir='ltr'>Bzenecz</span> <span class='ocrx_word' id='word_1_397' title='bbox 438 2663 525 2685; x_wconf 90' lang='lat' dir='ltr'>anno</span> <span class='ocrx_word' id='word_1_398' title='bbox 554 2652 677 2686; x_wconf 90' lang='lat' dir='ltr'>domini</span> <span class='ocrx_word' id='word_1_399' title='bbox 707 2652 880 2685; x_wconf 90' lang='lat' dir='ltr'>millesimo</span> <span class='ocrx_word' id='word_1_400' title='bbox 901 2653 1136 2684; x_wconf 82' lang='lat' dir='ltr'>trecentesimo</span> <span class='ocrx_word' id='word_1_401' title='bbox 1158 2653 1388 2694; x_wconf 88' lang='lat' dir='ltr'>octuagesimo</span> <span class='ocrx_word' id='word_1_402' title='bbox 1410 2654 1548 2695; x_wconf 67' lang='lat' dir='ltr'>quar103</span> <span class='ocrx_word' id='word_1_403' title='bbox 1578 2648 1787 2694; x_wconf 85' lang='lat' dir='ltr'>presentibus</span> <span class='ocrx_word' id='word_1_404' title='bbox 1808 2648 1972 2682; x_wconf 89' lang='lat' dir='ltr'>nobilibus</span> 
     </span>
    </p>
   </div>
  </div>
 </body>
</html>
