2336 3074
969 192 1065 247 2957

956 348 1065 384 324.

101 446 208 480 Pabsc
254 446 372 481 Urban
417 447 470 482 VI.
512 448 713 493 beauftraqt
749 450 813 483 den
860 449 994 494 Prayer
1043 451 1259 498 Erzbiseleofi
1298 455 1360 488 den
1409 455 1558 501 Biscleof
1590 468 1655 490 von
1691 457 1809 491 Pemea
1845 458 1914 492 und

101 507 164 540 den
203 506 432 541 Schottenabt
459 510 493 542 in
529 507 638 550 Wien,
669 509 732 543 den
766 508 1044 555 Urtlleilssprewla
1077 524 1186 556 qeqen
1220 513 1337 548 Ulrz'eh
1373 517 1441 549 med
1468 516 1606 550 Johsann
1645 529 1710 551 rou
1740 517 1913 552 Heroltitz

100 567 345 612 nothz'yenfalls
374 570 431 601 mit
450 568 546 613 He'lfe
574 569 633 602 des
662 569 853 604 melenchen
882 571 1007 605 Armes
1037 573 1324 619 (Iecrelezetfahren.
1356 576 1413 610 De.
1437 576 1574 621 Neapel
1603 577 1634 611 1.
1666 579 1769 623 April
1798 578 1908 613 1384.

228 644 401 699 Urbanus
438 668 615 712 episcopus
649 677 769 700 servus
807 678 984 701 servorum
1022 668 1075 702 dei
1112 670 1360 705 venerabilibus
1404 672 1560 707 fratribus
1600 700 1607 707 .
1639 701 1645 707 .
1683 673 1938 719 archiepiscopo

73 725 234 770 Pragensi
264 730 324 759 et.
348 753 354 760 .
385 728 543 772 episcopo
573 726 739 761 Pennensi
767 738 807 761 ac
835 727 955 761 dilecto
994 727 1059 761 filio
1081 756 1088 762 .
1113 757 1119 763 .
1141 729 1250 764 abbati
1280 735 1469 766 monasterii
1501 732 1678 767 Scotorum
1710 736 1741 767 in
1779 734 1937 777 Wtenna,

74 785 281 821 Pataviensis
310 787 454 821 diocesis
480 787 619 820 salutem
640 791 672 821 et
691 788 907 833 apostolicam
937 788 1222 824 benediccionem.
1254 791 1409 826 Exhibita
1430 792 1525 827 nobis
1546 805 1604 839 pro
1626 798 1719 839 parte
1742 794 1938 828 dilectorum

74 846 243 881 filiorum.
266 874 273 880 .
295 846 422 881 abbatis
461 852 493 881 et
521 852 707 882 conventus
745 851 937 883 monasterii
976 849 1149 888 Lucensis„
1179 850 1499 887 premonstratensis
1538 854 1673 890 ordinis.
1705 854 1937 889 Olomucensis

74 908 230 951 diocesis,
267 911 388 953 peticio
426 907 627 951 continebat„
658 908 744 953 quod
780 909 855 942 olim
894 912 954 955 ipsi
993 910 1131 945 dilectos
1169 911 1252 946 filios
1290 913 1437 947 Ulricum
1468 918 1500 947 et
1528 914 1715 948 Jankouem
1753 915 1858 949 dictos
1897 915 1938 948 de

73 969 241 1003 Herolticz
262 968 395 1011 fratres,
416 971 604 1013 armigeros
625 968 710 1002 dicte
731 969 886 1013 diocesis,
908 973 962 1015 qui
981 971 1078 1005 villas
1098 972 1138 1005 de
1159 972 1292 1017 Rotigel
1312 974 1393 1007 alias
1414 974 1624 1020 Rokytnicze
1652 979 1683 1008 et
1710 975 1938 1021 Pokoyowiez

73 1031 160 1065 dicte
195 1031 338 1064 diocesis
368 1035 400 1064 et
427 1030 546 1064 silvam
585 1030 704 1063 dictam
735 1029 922 1064 Abczwald
960 1034 991 1064 in
1021 1032 1107 1065 dicta
1137 1033 1260 1067 diocesi
1299 1037 1536 1068 consistentem
1566 1046 1639 1068 cuin
1679 1046 1792 1069 earum
1822 1039 1937 1081 pratis,

73 1094 217 1138 pascuis.
246 1091 374 1129 rivulis„
403 1101 562 1136 aquarum
593 1090 788 1125 decursibus
817 1102 856 1124 ac
884 1091 1009 1125 iuribus
1039 1096 1071 1125 et
1107 1096 1320 1138 pertinenciis
1349 1094 1532 1128 eorundem
1561 1099 1593 1128 et
1622 1094 1760 1138 fructus,
1790 1096 1937 1130 redditus

74 1157 106 1186 et
133 1157 316 1198 proventus
337 1163 381 1185 ex
409 1151 503 1185 dictis
533 1151 633 1194 villis5
653 1151 750 1193 silva,
778 1155 893 1197 pratis,
913 1155 1057 1198 pascuis,
1078 1154 1192 1187 rivulis
1222 1159 1253 1187 et
1273 1166 1432 1199 aquarum
1462 1154 1657 1189 decursibus
1686 1159 1937 1201 provenientes‚

73 1224 137 1258 que
166 1213 204 1246 ad
244 1215 334 1258 ipsos
363 1212 514 1246 abbatem
553 1216 585 1246 et
613 1216 815 1246 conventum
851 1224 890 1246 ac
919 1216 1156 1247 monasterium
1193 1214 1339 1259 legitime
1373 1215 1593 1261 pertinebant.
1622 1221 1720 1261 prout
1756 1219 1934 1262 pertinent,

73 1273 281 1319 occupabant
301 1277 333 1307 et
353 1272 543 1306 detinebant
563 1272 708 1306 indebite
728 1278 902 1319 occupata,
923 1284 1024 1319 super
1044 1273 1108 1307 hoc
1128 1275 1283 1320 petendoq
1305 1279 1530 1321 pronunciari,
1552 1276 1687 1309 decerni
1709 1281 1740 1309 et
1761 1277 1936 1315 declarari,

72 1334 180 1377 villas,
210 1334 341 1377 silvam,
378 1337 484 1379 prata,
513 1344 649 1379 pascua5
678 1333 804 1367 rivulos
834 1338 866 1367 et
894 1345 1054 1379 aquarum
1085 1334 1244 1369 decursus
1273 1347 1312 1369 ac
1342 1336 1479 1379 fructus7
1517 1336 1664 1370 redditus
1694 1341 1725 1369 et
1754 1341 1937 1382 proventus

72 1394 259 1428 huiusmodi
296 1394 336 1427 ad
375 1394 511 1429 eosdem
550 1393 703 1427 abbatem
742 1398 774 1427 et
811 1399 1013 1428 conventum
1043 1406 1082 1428 ac
1121 1399 1358 1430 monasterium
1396 1399 1566 1442 pertinere
1604 1401 1636 1430 et
1673 1399 1720 1431 eis
1755 1397 1937 1430 adiudicari

71 1458 229 1501 ipsosque
267 1454 388 1488 fratres
417 1454 634 1488 condemnari
672 1458 704 1487 et
732 1454 885 1500 compelli
922 1455 962 1488 ad
992 1455 1218 1489 dimittendum
1257 1459 1305 1489 eis
1342 1456 1450 1495 vittas„
1487 1457 1617 1499 silvani„
1656 1461 1761 1502 prata,
1799 1468 1936 1502 pascua,

72 1516 199 1550 rivulos
228 1520 260 1549 et
294 1527 453 1561 aquarum
483 1515 644 1549 decursus
672 1527 712 1549 ac
740 1514 879 1559 fructus,
908 1515 1055 1550 redditus
1086 1520 1118 1549 et
1151 1521 1333 1561 proventus
1364 1517 1550 1551 huiusmodi
1579 1521 1610 1550 et
1639 1520 1729 1562 ipsos
1757 1517 1798 1551 ab
1828 1528 1936 1551 occu-

72 1575 267 1622 pacionIbus
296 1581 328 1610 et
348 1576 600 1610 detencionibus
629 1576 812 1610 eorundem
832 1579 1018 1611 ammoveri
1047 1580 1162 1622 eisque
1183 1588 1283 1622 super
1311 1577 1373 1611 illis
1394 1582 1590 1623 perpetuum
1619 1578 1790 1611 silenciuiu
1812 1580 1936 1624 imponi

71 1648 185 1671 coram
216 1637 335 1671 dilecto
365 1636 430 1670 filio
462 1664 468 1670 .
492 1664 498 1670 .
530 1636 648 1670 abbate
679 1640 870 1671 monasterii
899 1637 1103 1681 Milocensis‚
1133 1637 1312 1682 Pragensis
1342 1637 1497 1681 diocesis,
1536 1643 1779 1672 conservatore
1808 1638 1935 1672 eisdem

71 1697 181 1731 abbati
210 1701 243 1731 et
279 1700 459 1731 conventui
488 1700 682 1731 monasterii
719 1697 878 1732 Lucensis
907 1703 1023 1732 contra
1061 1697 1243 1732 inferentes
1273 1701 1320 1732 eis
1350 1701 1485 1732 iniurias
1514 1699 1568 1732 vel
1607 1701 1750 1732 iacturas
1779 1702 1810 1732 in
1839 1699 1935 1734 bonis

71 1763 104 1792 et
131 1757 231 1792 rebus
269 1768 384 1792 eorum
414 1769 432 1791 a
468 1758 548 1792 sede
577 1758 759 1804 apostolica
789 1769 850 1804 per
888 1761 989 1804 ipsius
1018 1758 1106 1792 sedis
1134 1758 1260 1792 litteras
1289 1758 1444 1804 deputato
1475 1763 1507 1792 et
1534 1758 1678 1792 habente
1707 1759 1936 1804 cognoscendi

71 1819 111 1852 de
141 1818 214 1859 hiis„
244 1830 307 1864 que
336 1818 521 1852 iudicialem
550 1818 741 1863 indaginem
771 1821 922 1863 exigunt,
951 1819 1129 1865 specialem
1160 1830 1220 1864 per
1249 1819 1383 1852 easdem
1413 1819 1538 1853 litteras
1566 1824 1775 1865 potestatem.
1805 1819 1934 1864 Vigore

70 1879 253 1913 litterarum
291 1883 323 1913 et
356 1881 528 1925 potestatis
565 1878 752 1912 huiusmodi
790 1879 922 1913 fuerunt
960 1880 998 1913 ad
1037 1880 1191 1913 iudicium
1229 1882 1361 1913 evocati
1407 1879 1561 1925 idemque
1602 1879 1704 1914 abbas
1742 1882 1935 1913 monasterii

70 1939 263 1974 Milocensis
292 1943 434 1985 cognitis
455 1939 643 1973 huiusmodi
672 1950 774 1974 cause
794 1943 920 1974 meritis
949 1945 981 1974 et
1000 1943 1079 1974 iuris
1108 1940 1224 1973 ordine
1245 1939 1425 1973 observato
1446 1940 1652 1974 diffinitivam
1682 1944 1797 1973 contra
1829 1940 1934 1973 dictos

71 2003 259 2045 armigeros
296 2003 501 2034 sentenciam
539 2000 776 2046 promulgavit,
814 2003 903 2046 ipsos
939 2003 971 2034 in
1013 2003 1171 2046 expensis
1209 2003 1240 2033 in
1278 1999 1464 2033 huiusmodi
1512 2011 1611 2033 causa
1650 2000 1798 2045 legitime
1836 2000 1932 2033 factis

70 2060 304 2095 nichilominus
333 2061 599 2104 condemnando,
620 2064 765 2107 ipsarum
787 2072 1011 2107 expensarum
1040 2063 1217 2094 taxacione
1238 2059 1298 2094 sibi
1327 2062 1544 2105 imposterum
1565 2065 1751 2095 reservata.
1783 2060 1932 2105 Cumque

70 2132 131 2167 pro
160 2126 253 2167 parte
282 2122 444 2156 dictorum
474 2125 720 2167 armigerorum
749 2121 789 2155 ab
810 2122 927 2156 eadem
957 2124 1127 2156 sentencia
1157 2120 1272 2154 fuisset
1301 2120 1341 2153 ad
1362 2120 1476 2154 sedem
1506 2120 1704 2166 appeliatum
1734 2121 1931 2166 predictam,

71 2182 191 2228 prefati
220 2181 321 2216 abbas
351 2186 381 2216 et
411 2187 597 2217 conventus
636 2185 829 2216 monasterii
866 2182 1026 2217 Lucensis
1063 2182 1118 2215 lite
1152 2192 1212 2227 per
1247 2191 1306 2214 eos
1343 2185 1459 2214 contra
1495 2181 1631 2214 eosdem
1674 2181 1795 2215 fratres
1831 2191 1932 2226 super

70 2242 289 2288 appellacioni
333 2242 519 2277 huiusmodi
568 2247 600 2276 et
643 2245 714 2277 eius
761 2243 959 2277 desercione
1006 2246 1093 2275 mota
1137 2246 1170 2274 et
1214 2243 1246 2274 in
1292 2240 1421 2286 palacio
1457 2241 1640 2286 apostolico
1679 2251 1792 2274 coram
1838 2244 1931 2274 certo

70 2303 222 2337 auditore
250 2314 426 2337 causarum
455 2303 531 2337 dicti
560 2303 679 2349 palacii
708 2314 751 2337 ex
780 2306 1016 2337 commissione
1045 2301 1227 2347 apostolica
1257 2301 1383 2335 diucius
1412 2301 1569 2335 ventilata
1608 2312 1705 2334 unam
1734 2311 1795 2346 pro
1824 2312 1861 2335 se
1899 2305 1932 2334 et

71 2367 187 2397 contra
217 2363 322 2397 dictos
351 2363 471 2397 fratres
500 2375 601 2409 super
630 2363 828 2398 desercione
849 2363 1086 2409 appellacionis
1107 2361 1294 2395 huiusmodi
1319 2364 1524 2395 sentenciam
1546 2365 1758 2407 reportarunt
1779 2365 1810 2394 et
1831 2372 1932 2407 super

70 2426 279 2457 execucione
308 2423 497 2457 huiusmodi
525 2427 697 2458 sentencie
726 2435 827 2470 super
856 2424 940 2457 dicta
962 2423 1161 2456 desercione
1189 2421 1266 2464 late,
1296 2432 1359 2466 que
1388 2421 1475 2454 nulla
1496 2424 1745 2467 provocacione
1765 2432 1929 2466 suspensa

70 2487 103 2517 in
131 2495 202 2518 rem
232 2487 384 2518 transivit
412 2485 600 2528 iudicatam,
631 2489 762 2518 nostras
791 2484 830 2518 ad
861 2495 922 2517 vos
952 2483 1012 2517 sul)
1041 2487 1131 2516 certa
1162 2481 1269 2515 forma
1299 2481 1424 2515 litteras
1444 2484 1672 2527 impetrarunt.
1704 2480 1785 2515 Cum
1806 2485 1930 2525 autem,

69 2546 154 2578 sicut
182 2544 299 2578 eadem
328 2547 449 2590 peticio
478 2544 711 2589 subiungebat,
740 2544 860 2590 prefati
889 2543 991 2577 abbas
1021 2547 1053 2576 et
1081 2547 1267 2576 conventus
1297 2544 1489 2576 monasterii
1519 2541 1678 2575 Lucensis
1708 2540 1866 2584 dubitent,
1887 2552 1929 2575 ne

71 2607 177 2638 eciam
207 2604 259 2638 alii
288 2608 319 2638 in
348 2605 505 2650 predictis
543 2605 641 2648 villis.
671 2605 767 2647 silvai
798 2607 912 2650 pratis.
942 2606 1085 2649 pascuis,
1116 2602 1231 2636 rivulis
1261 2606 1293 2636 et
1321 2613 1480 2647 aquarum
1511 2601 1706 2635 decursibus
1744 2612 1780 2635 se
1818 2604 1930 2634 intru-

69 2667 172 2698 serint
199 2664 256 2698 vel
284 2667 487 2711 inposterum
517 2676 554 2700 se
582 2665 760 2700 intrudant.
782 2676 842 2710 pro
868 2668 962 2710 parte
982 2667 1129 2709 ipsorum
1150 2662 1277 2696 abbatis
1298 2666 1330 2696 et
1349 2666 1535 2696 conventus
1556 2664 1750 2695 monasterii
1770 2661 1930 2695 Lucensis
