2336 3074
1225 281 1331 315 417.

430 390 616 431 Jlorlfgsrcif
638 387 750 420 ,ludat-
781 386 922 419 rerleih!
952 387 1014 419 den
1047 385 1259 418 Rea-ulium
1290 396 1355 417 ron
1385 384 1555 417 Sclmllou
1586 384 1648 416 das
1674 384 1764 427 frei'e
1806 380 2130 424 l'ererltnuqsreelael.

967 446 1022 480 m.
1057 446 1175 479 Brlmu
1206 446 1265 479 25,
1301 445 1457 478 Fehrum·
1489 443 1597 478 1387.

516 512 684 564 Jodoeus
706 531 756 564 «lei
783 532 897 567 gracia
929 529 1077 562 marcliio
1107 533 1136 561 et
1169 529 1320 561 dominus
1341 528 1493 562 Moravie
1518 528 1620 572 judici
1651 533 1680 561 et
1706 530 1826 572 juratis
1856 526 1972 560 incolis
2002 529 2031 559 in
2055 525 2210 559 Sebataw

350 597 471 638 totique
502 595 707 625 universitati
738 597 766 624 et
799 593 1023 624 communitati
1054 589 1308 623 inhabitatorum
1348 592 1449 635 ipsius
1479 592 1600 623 nostris
1638 589 1796 633 subjectis
1831 587 1978 622 fidelibus
2017 591 2049 620 et
2085 586 2213 620 dilectis

351 654 552 686 liberalitatis
590 658 702 686 nostre
747 655 894 690 graciam
935 663 1007 684 cum
1048 651 1177 684 l'avore.
1236 650 1366 683 Fideles
1414 650 1535 693 dilecti,
1583 653 1657 695 quia
1696 649 1855 693 singulari
1893 648 2033 693 quadam
2077 647 2212 693 speciali

351 716 456 747 leticia
497 717 668 759 promocio
699 718 887 746 nostrorum
926 711 1130 745 subditorum
1162 711 1303 744 fidelium
1341 723 1401 744 nos
1446 711 1588 745 delectat
1623 715 1655 743 et
1692 713 1722 744 in
1753 721 1793 743 eo
1821 709 1983 751 grandem
2018 708 2214 753 gaudiorum

352 778 521 808 materiam
553 777 787 807 nanciscimur.
817 773 870 806 ubi
901 776 1004 806 nostri
1040 771 1180 816 subjecti
1219 771 1333 806 fideles
1371 772 1600 805 munificencia
1631 776 1745 804 nostre
1774 773 1889 814 gracie
1919 773 1948 803 in
1984 768 2214 816 temporalium

351 836 511 868 bonorum
543 839 721 872 :ammento
751 846 914 880 prospero
944 836 1101 879 impensis
1139 837 1252 866 nostre
1290 832 1495 867 liberalitatis
1525 831 1695 866 beneficiis
1724 835 1976 877 promoventun
2016 830 2090 864 ideo
2119 828 2216 865 vobis

351 901 382 929 et
404 899 524 929 vestris
555 899 685 928 inantea
715 898 946 941 inperpetuum
966 893 1219 928 successoribus
1240 896 1429 939 presertinn
1458 896 1532 938 quia
1563 904 1624 926 vos
1646 892 1755 926 debite
1775 891 1999 936 subjeccionis
2020 890 2216 925 obediencia

351 961 465 998 ⁴aratos
495 959 650 989 continue
671 961 784 989 nostro
806 958 999 1001 conspectui
1029 955 1229 991 reddidistis,
1259 957 1368 987 animo
1390 953 1573 987 deliberato
1594 965 1632 986 ac
1653 958 1744 987 certa
1766 957 1878 987 nostra
1901 954 2058 995 sciencia,
2089 955 2216 985 matura

352 1016 599 1050 deliberacione
629 1019 743 1062 previa
774 1021 970 1061 maturoque
999 1020 1189 1049 nostrorum
1211 1017 1455 1049 communicato
1485 1014 1624 1048 consilio
1645 1013 1807 1051 dedimus.
1837 1016 2079 1057 concessimus,
2106 1012 2217 1046 dona-

352 1080 460 1110 vinias
489 1081 519 1110 et
550 1080 766 1121 erogavimus
796 1088 834 1109 ac
858 1079 977 1110 virtute
998 1079 1208 1122 presencium
1239 1076 1411 1118 donamus,
1442 1075 1668 1110 concedimus.
1700 1075 1815 1108 damus
1835 1077 1960 1120 pariter
1984 1078 2016 1107 et
2044 1074 2217 1119 largimur,

352 1143 382 1171 ut
413 1141 523 1171 omnia
553 1137 638 1170 bona
668 1142 781 1170 vestra
812 1140 970 1170 universa
1000 1141 1032 1170 et
1060 1137 1189 1181 singula
1221 1136 1352 1170 mobilia
1374 1140 1406 1169 et
1434 1135 1626 1170 immobilia.
1657 1135 1909 1181 qualiacumque
1940 1135 2072 1178 suerint,
2102 1145 2160 1167 seu
2186 1136 2217 1167 in

352 1198 613 1244 quibuscumque
643 1197 742 1231 rebus
763 1200 972 1231 constiterint
1000 1202 1030 1231 et
1061 1197 1344 1243 qualilmscunque
1374 1196 1561 1231 nominibus
1591 1201 1873 1242 nuncuperentur,
1903 1200 1977 1242 post
1997 1200 2137 1229 mortem
2158 1206 2216 1229 seu

352 1259 474 1292 obitum
504 1263 654 1292 vestrum
685 1269 743 1291 seu
773 1261 869 1291 unius
899 1269 940 1291 ex
971 1257 1067 1291 vobis
1096 1257 1221 1303 absque
1252 1261 1340 1292 omni
1360 1260 1583 1303 requisicione
1614 1262 1726 1292 nostra
1756 1262 1788 1291 et
1817 1261 2006 1291 nostrorum
2028 1256 2217 1290 officialium

352 1320 391 1353 ad
422 1322 660 1365 proximiorem
698 1321 852 1352 amicum.
889 1321 942 1363 qui
980 1318 1078 1352 vobis
1113 1330 1173 1352 seu
1202 1318 1246 1352 illi
1281 1319 1437 1352 del'uncto
1473 1322 1503 1352 in
1543 1319 1628 1352 linea
1667 1321 1984 1363 consanquineitatis
2022 1319 2220 1362 conjunctus

352 1380 448 1414 suerit
494 1384 525 1413 et
563 1382 706 1413 vicinior
749 1381 1058 1424 consanquineitate
1097 1382 1272 1416 exstiterit.⁴
1323 1382 1384 1413 rite
1423 1384 1452 1413 et
1492 1378 1739 1413 racionabiliter
1772 1391 1811 1413 ac
1848 1379 2056 1423 integraliter
2093 1378 2218 1413 devol-

352 1445 484 1474 vantur.
541 1439 623 1473 Nam
661 1439 758 1473 vobis
797 1444 829 1473 et
866 1444 1015 1473 vestrum
1046 1439 1181 1473 cuilibet
1209 1439 1294 1473 bona
1325 1451 1382 1474 sua
1420 1442 1453 1473 in
1482 1442 1550 1474 vita
1584 1445 1616 1473 et
1644 1442 1676 1473 in
1705 1440 1844 1473 articulo
1883 1442 1998 1474 mortis
2033 1438 2148 1473 damus
2188 1442 2221 1472 et

353 1501 568 1535 concedimus
614 1501 760 1546 legundi.
808 1500 963 1534 donandi.
1014 1500 1177 1545 largiendi
1224 1505 1255 1534 et
1301 1500 1490 1546 deputandi,
1537 1503 1723 1546 cuicunque
1775 1500 1948 1535 volueritis
1995 1499 2219 1534 omnimodam

354 1566 562 1608 potestatem.
620 1561 734 1606 Itaque
769 1566 883 1595 nostre
920 1560 1175 1595 deliberacionis
1204 1564 1319 1605 gracia
1357 1565 1602 1596 interveniente
1640 1561 1779 1607 predicti
1816 1564 1921 1595 nostri
1959 1559 2073 1595 fideles
2111 1560 2219 1595 dilecti

354 1622 470 1655 eadem
508 1626 619 1655 nostra
658 1622 854 1655 liberalitate
893 1626 925 1655 et
960 1621 1190 1655 munificencia
1228 1622 1408 1666 gaudeant,
1447 1621 1725 1667 quemadmodum
1763 1624 1868 1655 ceteri
1905 1624 2010 1656 nostri
2040 1620 2153 1655 fideles
2189 1623 2221 1655 in

355 1682 425 1715 aliis
464 1685 586 1715 nostris
624 1682 813 1716 civitatibus
842 1694 902 1728 per
931 1686 1032 1715 totum
1064 1682 1326 1716 marchionatum
1355 1682 1509 1716 Moravie
1539 1687 1651 1716 nostra
1682 1682 1860 1716 donatione
1898 1685 2014 1728 previa
2035 1684 2218 1728 pociantur.

354 1742 515 1775 Volumus
536 1748 644 1776 autem
666 1745 830 1788 presentis
860 1743 1051 1787 largicionis
1071 1747 1186 1776 nostre
1207 1747 1237 1776 et
1257 1746 1373 1787 gracie
1394 1743 1626 1779 donacionem.
1649 1743 1865 1788 largicionein
1895 1747 1924 1776 et
1956 1742 2219 1776 munificenciam

356 1802 541 1836 firmitatem
572 1806 722 1849 perpetui
752 1802 883 1837 roboris
912 1803 1063 1837 obtinere
1100 1806 1310 1848 presencium
1345 1803 1405 1837 sub
1442 1809 1557 1837 nostro
1595 1815 1743 1849 appenso
1779 1803 1887 1848 sigillo
1917 1806 2105 1838 testimonio
2141 1803 2221 1837 lite—

356 1874 480 1896 rarum.
512 1864 630 1897 Datum
660 1864 795 1897 Brunne
825 1864 907 1897 feria
947 1864 1093 1898 secunda
1122 1867 1276 1910 proxima
1305 1869 1379 1910 post
1408 1864 1619 1900 dominicam.
1649 1875 1712 1909 qua
1742 1867 1870 1898 canitur
1898 1863 2073 1898 Invocavit
2120 1864 2221 1898 Anno

357 1924 479 1957 domini
508 1924 683 1958 Millesimo
713 1927 949 1958 trecentesimo
979 1927 1188 1970 octogesimo
1218 1927 1369 1971 septimo.

670 2004 760 2036 <ih-ig.
787 2004 866 2035 l’em,
893 2004 918 2028 1ι.
943 2004 1000 2036 Sig.
1026 2005 1061 2028 im
1080 2004 1353 2029 i:eumindearchivo
1378 2012 1412 2028 zu
1437 2003 1584 2029 Sebattau.
1615 2019 1643 2021 —
1674 2003 1735 2028 Auf
1756 2003 1805 2029 der
1821 2004 1964 2029 Plicatur:
1990 2003 2033 2028 Ad
2051 2003 2222 2029 relacionem

777 2056 911 2080 Frideriei
937 2056 970 2080 de
995 2055 1143 2080 Czirellaw
1169 2055 1298 2081 Andreas
1323 2054 1579 2089 prothsmotarius.)

1245 2209 1351 2244 413.

362 2312 552 2356 illarlfqraf
574 2312 686 2346 ‚Indole
725 2312 867 2346 cerleilet
904 2313 966 2345 den
998 2312 1214 2346 Bewohnern
1252 2324 1313 2345 ron
1350 2312 1522 2347 Sclealtau
1558 2313 1612 2346 die
1646 2312 1910 2357 Mautlcfreihei!
1944 2314 1979 2345 in
2009 2312 2130 2346 Zizaim
2165 2314 2225 2357 [ἄν

361 2373 576 2417 ez'Jeyefulerle
622 2373 689 2406 uml
733 2372 958 2417 ausqefu'larle
994 2371 1160 2414 lVaaren,
1199 2373 1377 2415 rerbz'etet,
1415 2375 1497 2407 dass
1535 2374 1589 2407 die
1629 2373 1741 2406 ,ludera
1787 2373 1851 2406 (len
1890 2372 2125 2407 Schattauern
2163 2374 2230 2418 auf

365 2432 572 2466 lnnuobilien
601 2433 712 2467 leihen
743 2434 810 2467 and
831 2434 1025 2475 cerordnet‚
1055 2434 1137 2467 dass
1166 2434 1220 2467 die
1245 2433 1459 2467 Scleattauer
1488 2433 1574 2467 heim
1596 2433 1818 2478 Bmgqyrafen
1839 2435 1873 2467 ἰιι
1893 2434 2001 2468 Frain
2019 2433 2225 2478 yere'cletliclc

803 2493 943 2537 belanyt
973 2494 1119 2528 werden.
1153 2494 1209 2527 Dt.
1242 2494 1361 2527 Brittan
1392 2494 1451 2528 25.
1483 2493 1642 2527 Februar
1674 2493 1783 2528 1387.

527 2556 695 2610 Jodocus
733 2576 785 2610 dei
823 2579 938 2621 gracia
975 2576 1124 2610 marchio
1163 2581 1193 2610 et
1232 2576 1384 2610 dominus
1421 2575 1574 2610 Moravie
1612 2575 1710 2610 vobis
1743 2576 1847 2620 judici
1884 2579 2045 2622 magistro
2091 2579 2225 2619 civium,

363 2634 554 2668 consulibus
583 2640 613 2668 et
643 2637 758 2679 juratis
787 2636 916 2670 civibus
945 2639 977 2670 in
1005 2636 1157 2683 Znoyma
1186 2639 1308 2670 nostris
1338 2635 1487 2670 fidelibus
1517 2641 1547 2670 et
1577 2636 1705 2670 dilectis
1734 2636 1945 2683 presentibus
1974 2640 2103 2672 seriose
2140 2648 2226 2683 pre-
