2336 3074
1014 201 1081 235 101

118 303 320 346 assignetur⁷
350 302 391 335 de
420 313 483 347 qua
512 303 597 337 idem
628 307 773 338 vicarius
811 315 962 349 congrue
1001 309 1179 339 sustentari
1218 307 1327 340 valeat
1356 311 1388 340 et
1426 308 1488 341 alia
1526 307 1587 341 sibi
1617 307 1847 342 incninbeneia
1878 320 1982 342 onera

117 366 326 407 supportare.
358 362 477 396 Datum
508 363 615 397 Rome
643 364 729 409 apud
749 369 898 398 sanctum
920 364 1054 398 Petrum
1074 371 1171 400 sexto
1192 366 1268 400 Idus
1287 367 1365 400 Maii
1387 368 1596 413 pontificatus
1625 371 1730 402 nostri
1751 379 1837 402 anno
1860 371 1977 414 primo.

436 467 568 501 (Spiitere
594 468 740 493 Atiselirift
773 468 885 493 inserti-t
917 468 944 493 in
977 469 1025 494 dei·
1056 469 1148 502 Kopie
1181 470 1229 495 aler
1262 470 1397 496 Urkunde
1427 472 1475 496 (les
1508 472 1653 497 ‹tluu'itzer
1686 472 1833 497 ‹tffizialos
1864 472 1981 504 sunder,

534 519 598 546 ddo.
625 521 652 544 3.
677 519 842 553 September
870 521 971 554 13so.)

1006 716 1110 752 112.

120 825 226 860 Pabst
257 825 376 860 Urbate
400 826 452 860 I'l.
486 827 629 860 rerlet'ld
664 828 725 861 der
756 827 884 861 [sii-che
919 829 978 861 {les
1008 828 1370 871 A[tyastinerlilosters
1405 832 1437 863 in
1469 831 1670 865 Landslmme
1711 834 1808 865 einen
1840 833 1980 867 iiblass.

794 887 852 921 Dt.
883 888 971 921 Rom
1004 888 1060 922 13.
1093 888 1169 922 Mai
1198 889 1306 924 1378.

273 969 445 1024 Urbanus
475 993 651 1036 episcopus
681 1002 801 1025 servus
830 1003 1007 1026 servorum
1037 992 1089 1025 dei
1117 996 1285 1026 universis
1315 993 1437 1027 Christi
1475 994 1625 1028 fidelibus
1655 1001 1828 1041 presentes
1858 997 1983 1029 litteras

118 1054 316 1097 inspecturis
345 1051 484 1085 salutem
515 1055 546 1084 et
575 1051 791 1096 apostolitxam
820 1052 1106 1086 benediccionem.
1138 1052 1304 1097 Splendor
1333 1059 1471 1099 paterne
1500 1056 1620 1099 glorie„
1651 1058 1704 1101 qui
1733 1067 1791 1089 sua
1827 1056 1982 1089 mundum

119 1111 275 1146 ineffabili
305 1112 463 1145 illuminat
492 1111 641 1145 claritate
671 1115 723 1157 pia
752 1117 830 1147 vota
868 1112 1010 1146 fidelium
1051 1113 1091 1146 de
1129 1114 1387 1148 clementissima
1425 1118 1525 1160 ipsius
1562 1118 1733 1149 maiestate
1772 1118 1983 1161 speranciuin

121 1176 197 1206 tunc
225 1174 384 1217 precipue
413 1171 559 1215 benigno
589 1172 708 1205 favore
737 1176 961 1218 prosequitur„
992 1184 1065 1206 cum
1095 1174 1217 1207 devota
1247 1177 1394 1220 ipsorum
1425 1175 1589 1209 humilitas
1619 1180 1809 1209 sanctorum
1827 1176 1984 1221 precihus

117 1237 150 1266 et
178 1235 304 1266 meritis
333 1232 519 1266 adiuvatur.
551 1231 730 1277 Cupientes
760 1235 871 1277 igitur„
902 1237 931 1266 nt
964 1234 1106 1267 ecclesia
1146 1238 1339 1268 monasterii
1369 1240 1560 1269 sanctornm
1591 1235 1719 1269 Nicolai
1749 1241 1780 1269 et
1810 1236 1983 1270 Ix'aterine.

116 1293 242 1326 ordinis
271 1295 376 1325 sancti
405 1292 597 1337 Augustini„
628 1292 912 1327 Luthomuslensis
942 1293 1097 1331 diocesis.
1128 1295 1214 1340 quod
1245 1296 1449 1329 venerabilis
1471 1296 1575 1330 frater
1595 1301 1709 1330 noster
1730 1297 1845 1330 Petrus
1867 1296 1983 1329 archi-

119 1356 297 1399 episcopus
326 1352 629 1397 Magdebnrgensis
660 1356 823 1387 canonice
854 1354 1011 1388 fundasse
1041 1360 1071 1387 et
1102 1355 1236 1389 dotasse
1266 1357 1396 1399 dieitur„
1418 1360 1577 1401 congruis
1607 1357 1788 1391 honoribus
1819 1357 1984 1402 frequen-

120 1418 207 1447 tetur
236 1418 268 1446 et
287 1418 321 1446 ut
350 1412 473 1447 Christi
502 1413 616 1448 fideles
646 1426 685 1447 eo
722 1414 883 1447 libencius
913 1426 1013 1448 eausa
1052 1415 1248 1449 devocionis
1278 1416 1446 1450 confluant
1481 1417 1521 1450 ad
1558 1418 1710 1452 eandem.
1741 1428 1805 1462 qno
1842 1429 1885 1450 ex
1922 1417 1984 1450 hoc

120 1473 241 1507 ibidem
272 1473 406 1507 uberius
436 1474 523 1507 dono
553 1474 685 1507 celestis
715 1478 830 1519 gracie
866 1478 1107 1521 conspexerint
1135 1487 1171 1509 se
1208 1475 1367 1513 refectos
1408 1477 1448 1510 de
1487 1480 1722 1522 omnipotentis
1758 1478 1808 1510 dei
1849 1480 1985 1510 miseri-

120 1533 234 1567 cordia
264 1538 295 1567 et
324 1533 497 1567 beatorum
519 1533 605 1567 Petri
623 1539 652 1567 et
675 1534 764 1567 Pauli
785 1535 1009 1580 apostolorum
1032 1539 1102 1569 eius
1124 1538 1320 1569 auctoritate
1342 1536 1469 1579 confisi„
1491 1537 1642 1571 omnibus
1665 1549 1746 1570 vere
1763 1536 1984 1582 penitentibus

120 1598 153 1627 et
182 1593 359 1633 confessis„
390 1596 444 1638 qui
474 1596 505 1627 in
534 1596 727 1629 nativitatis.
758 1597 1035 1639 circumcisionis,
1067 1595 1255 1640 epiphanie.
1276 1600 1552 1630 resurreccionis.
1583 1600 1803 1640 ascensionis„
1833 1600 1985 1642 eorporis

120 1653 243 1687 domini
272 1656 377 1687 nostri
406 1653 485 1687 Jesu
516 1653 649 1690 Christh
680 1654 916 1699 penthecostes
954 1666 1086 1689 necnon
1121 1658 1153 1688 in
1191 1659 1384 1691 nativitatis.
1424 1661 1707 1700 annunciaeionis,
1739 1657 1985 1703 purilieacionis

120 1719 154 1749 et
181 1717 422 1759 assumpcionis
452 1713 549 1747 beate
577 1714 682 1748 Mai-ie
713 1717 854 1759 virginis
884 1719 915 1748 et
945 1718 1124 1749 nativitatis
1154 1715 1240 1749 beati
1270 1715 1431 1750 Johannis
1461 1717 1620 1762 Baptiste.
1651 1718 1813 1751 dictorum
1843 1721 1985 1762 aposto—

121 1775 228 1808 lorum
258 1774 345 1807 Petri
375 1779 405 1808 et
436 1774 538 1813 Pauli„
568 1786 607 1807 ac
636 1774 766 1808 Nicolai
795 1781 827 1809 et
855 1776 1040 1809 Katherine
1069 1788 1107 1809 ac
1137 1778 1238 1821 ipsius
1268 1777 1413 1810 ecclesie
1435 1777 1660 1810 dedicaeionis
1690 1777 1925 1811 festivitatibus
1946 1788 1984 1809 ac

121 1837 153 1868 in
182 1834 376 1868 celebritate
405 1837 552 1868 oninium
582 1840 773 1869 sanctorum
804 1840 834 1869 et
864 1847 924 1881 per
954 1839 1099 1881 ipsarum
1128 1839 1321 1874 nativitatis„
1350 1837 1538 1882 epiphanie.
1561 1841 1837 1873 resurreccionis„
1859 1848 1985 1870 aseen-

121 1897 237 1937 sionis.
268 1897 419 1940 corporis
449 1894 571 1928 domini
600 1906 731 1929 necnon
770 1899 950 1930 nativitatis
989 1902 1020 1930 et
1058 1899 1301 1941 assuinpcionis
1340 1896 1436 1930 beate
1472 1897 1578 1930 Marie
1615 1902 1646 1930 et
1681 1900 1860 1930 nativitatis
1899 1897 1986 1930 beati

121 1954 283 1990 Johannis
313 1960 345 1989 et
374 1955 599 2001 apostolorum
629 1955 718 1989 Petri
756 1960 787 1989 et
825 1956 915 1990 Pauli
952 1957 1178 2002 predictorum
1217 1956 1433 1990 festivitatum
1473 1957 1609 1991 octabas
1648 1962 1680 1990 et
1718 1969 1777 2003 per
1815 1968 1877 1991 sex
1915 1957 1986 1990 dies

122 2015 243 2049 dictam
273 2015 488 2049 festivitatem
518 2014 756 2060 penthecostes
785 2016 975 2049 immediate
1005 2021 1184 2061 sequentes
1214 2016 1392 2050 ecelesiam
1431 2016 1593 2062 prefatam
1625 2017 1746 2051 devote
1775 2020 1987 2051 visitaverint

122 2078 289 2108 annuatim
319 2075 457 2120 singulis
486 2075 643 2109 videlieet
682 2075 895 2109 festivitatum
935 2081 966 2109 et
996 2075 1197 2109 celebritatis
1237 2087 1337 2109 unum
1375 2088 1495 2110 annum
1525 2082 1557 2110 et
1592 2077 1810 2122 quadraginta
1840 2077 1910 2111 dies
1948 2088 1987 2110 ac

123 2135 317 2169 octabarum
355 2139 388 2168 et
423 2146 486 2169 sex
524 2135 650 2169 dierum
689 2136 913 2181 predictorum
953 2135 1081 2179 illelius,
1121 2136 1239 2181 quibus
1276 2137 1439 2182 prefatam
1478 2137 1654 2170 eeclesiam
1693 2139 1915 2171 visitaverint.
1954 2141 1988 2170 ut

124 2194 302 2240 prefertur,
332 2199 463 2228 centum
493 2195 534 2228 de
564 2198 716 2229 iniunctis
746 2198 794 2229 eis
827 2199 1023 2240 penitenciis
1053 2196 1316 2230 misericorditer
1354 2197 1556 2230 relaxamus.
1606 2197 1725 2230 Datum
1756 2196 1862 2229 Rome
1901 2196 1986 2241 apud

122 2259 272 2289 sanctum
301 2254 434 2288 Petrum
464 2255 509 2288 111
537 2255 613 2289 Idus
642 2255 732 2297 Maii,
763 2255 971 2300 pontificatus
1000 2259 1104 2290 nostri
1134 2267 1220 2290 anno
1250 2260 1367 2301 primo.

434 2358 508 2393 (Auf
537 2359 586 2384 der
622 2359 764 2384 Plicatur:
804 2359 959 2385 Gilbertns.
1002 2375 1038 2377 ᾉ
1079 2360 1156 2393 (ti-ig.
1190 2361 1270 2393 Perg.
1303 2369 1337 2384 :111
1371 2359 1560 2385 Seiilent'iiilen
1596 2360 1620 2384 h.
1656 2360 1793 2385 l3leibulle
1828 2361 1862 2384 ini
1897 2360 1986 2387 miilir,

541 2410 670 2435 Landesa
676 2410 793 2444 rehive.)
