2336 3074
999 189 1072 223 3¹29

105 298 193 327 terre
231 293 388 327 libertare
417 297 450 326 ct
486 292 675 326 omnimode
714 291 897 326 libertando
933 293 1120 338 disbrigare
1156 294 1218 327 bac
1254 295 1425 327 interiecta
1462 291 1671 329 condicione,
1707 290 1793 336 quod
1831 293 1857 324 si
1887 290 1970 323 alios

104 358 215 388 certos
244 354 367 387 reditus
388 355 419 386 in
449 357 539 386 certa
568 352 753 386 hereditate
783 353 1049 398 comparabimus
1079 358 1111 387 et
1131 354 1274 387 ecclesie
1303 353 1467 386 antedicto
1496 353 1837 397 incorporaveriinus3
1874 354 1972 396 prout

103 418 228 460 primus
266 424 387 448 census
424 417 474 448 est
512 416 756 458 incorporatus,
795 417 871 446 tunc
911 414 1056 447 eiusdem
1088 414 1280 448 hereditatis
1318 424 1453 447 censum
1490 423 1702 446 reassumere
1740 422 1800 457 per
1837 411 1968 444 niodum

104 474 223 508 cambii
260 477 442 520 poterimus
472 473 602 519 quando
631 476 745 506 nostre
773 472 933 518 placuerit
962 474 1133 513 voluutatn
1163 474 1245 507 alios
1285 484 1366 507 vero
1396 477 1506 506 certos
1536 477 1567 506 et
1595 472 1718 506 liberos
1754 472 1879 505 reditus
1908 482 1969 517 pro

103 534 166 569 hiis
203 537 294 581 prius
331 537 554 579 assignantes
593 545 676 579 quos
714 536 745 566 in
783 533 942 567 distancia
981 537 1076 567 trium
1116 539 1170 568 aut
1207 537 1352 567 maxime
1391 538 1531 578 qimtuor
1570 533 1740 566 miliarium
1777 536 1970 565 teneremur

102 595 273 641 deputare.
303 595 339 629 In
369 596 462 638 cujus
492 597 540 627 rei
570 594 778 628 evidenciam
809 598 841 626 et
861 593 962 627 robor
992 599 1138 628 nostrum
1169 606 1232 628 nec
1261 605 1325 627 uon
1346 593 1387 626 ob
1417 596 1551 627 inaioriS
1582 596 1758 627 testimonii
1788 592 1967 638 presidium

102 655 225 689 domiui
254 654 428 689 Hoiikonis
458 654 498 688 de
527 653 710 696 Ustrassim
741 658 817 687 tunc
847 657 1005 699 temporis
1035 654 1206 700 burgi-avii
1235 657 1338 688 nostri
1369 657 1399 687 in
1430 653 1643 693 Rosenstein„
1674 652 1861 687 Frankonis
1890 652 1967 685 dicti

102 715 290 751 Prowazek
326 715 366 749 de
395 715 521 748 Possne
550 718 583 748 et
618 714 768 748 Henslini
797 714 837 748 dc
872 714 1004 760 NVydra
1041 715 1182 748 fidelium
1212 719 1400 749 nostrorum
1430 714 1535 758 sigilla
1574 713 1784 759 presentibus
1814 713 1967 746 duximus

103 776 331 822 appendenda.
380 776 500 809 Datum
540 779 572 809 in
610 774 735 809 Thelcz
772 778 805 808 in
843 774 928 808 festo
967 779 1070 809 sancti
1108 775 1187 818 Vin„
1233 786 1319 808 anno
1357 774 1480 808 domini
1519 774 1691 808 millesimo
1729 775 1966 807 trecentesimo

102 840 333 882 octuagesimo
362 839 487 882 quinto.

415 915 505 950 (Orig.
530 915 613 949 Perg.
639 915 655 940 4
681 915 708 939 11.
732 914 800 949 Sig.‚
817 923 919 940 wovou
944 923 996 939 nur
1020 915 1070 939 das
1096 915 1122 942 3.
1148 918 1198 948 gut
1221 914 1350 940 erhalten
1374 914 1411 939 im
1435 914 1560 939 Archive
1585 914 1634 939 der
1657 913 1739 939 stadt
1763 912 1921 947 Zlabings.)

984 1069 1092 1104 361.

102 1173 295 1218 Marquaf
323 1172 436 1206 Jodolt·
474 1172 611 1206 entleebt
647 1173 765 1205 seinen
795 1171 1000 1205 Isc't'mmerel·
1030 1172 1196 1216 Myslibor
1233 1183 1298 1205 ron
1338 1172 1411 1205 dem
1440 1170 1749 1204 Femlalrerbamle
1785 1169 1961 1213 bezilqle'cle

350 1233 408 1267 des
437 1232 568 1278 Dorfes
597 1232 770 1266 Prasltle'tz
800 1232 867 1265 aud
894 1232 1051 1276 uberffl'bt
1080 1244 1115 1265 es
1146 1234 1177 1265 ite
1208 1233 1328 1266 des-seu
1355 1233 1463 1276 frez'es
1493 1230 1709 1275 Ei'qentlmm.

769 1292 825 1328 Dt.
859 1292 952 1336 Praq
982 1293 1040 1327 20.
1071 1293 1154 1326 Jum?
1183 1292 1292 1326 1385.

265 1368 435 1423 Jodocus
464 1389 516 1422 dei
545 1392 660 1433 gracia
691 1388 840 1421 marchio
870 1393 903 1422 et
931 1388 1082 1421 dominus
1112 1388 1264 1422 Moravie
1293 1391 1405 1421 notum
1435 1386 1574 1420 facimus
1604 1391 1720 1419 tenore
1750 1388 1960 1431 presencium

100 1453 279 1484 universis.
337 1449 432 1491 Quod
462 1454 599 1495 propter
634 1451 780 1483 servicia
816 1448 1002 1490 Misliborin
1042 1451 1217 1482 camerarii
1255 1453 1286 1481 et
1323 1447 1427 1481 fidelis
1465 1450 1568 1480 nostri
1607 1447 1727 1489 dilecti,
1766 1457 1829 1490 que
1866 1445 1962 1479 nobis

99 1510 260 1544 hactenus
290 1509 439 1544 exhibuit
468 1514 500 1543 et
528 1509 740 1555 quottidianis
769 1520 835 1543 non
866 1513 975 1543 cessat
1006 1509 1122 1542 eadem
1152 1508 1320 1542 laboribus
1350 1508 1524 1544 exhibere.
1555 1508 1666 1541 villam
1696 1505 1864 1539 Prasklicz
1886 1517 1959 1539 cum

99 1570 250 1605 omnibus
280 1573 347 1604 suis
386 1573 612 1616 pertinenciis.
650 1569 865 1604 absolventes
904 1581 977 1603 cum
1014 1569 1054 1602 ab
1093 1570 1144 1603 illa
1182 1569 1419 1613 vasallagiatus
1458 1570 1714 1603 consu-ieciono.
1745 1567 1831 1612 quali
1870 1569 1960 1611 prius

99 1631 239 1665 eandem
271 1631 381 1665 villam
410 1633 514 1665 nostri
544 1631 730 1664 (lonacione
760 1630 919 1676 possedit„
941 1635 974 1663 ut
1004 1630 1143 1664 eandem
1165 1630 1205 1663 de
1226 1634 1339 1663 cetero
1361 1629 1446 1662 idem
1468 1628 1670 1663 Misliborius
1692 1632 1721 1661 et
1744 1630 1791 1661 sui
1814 1626 1959 1660 heredes

98 1702 165 1725 non
195 1691 316 1725 feudali
345 1691 404 1725 sed
433 1694 645 1737 proprietatis
676 1691 767 1725 titulo
796 1690 922 1724 habere
961 1695 992 1724 et
1021 1691 1194 1736 possidere
1233 1689 1386 1726 debeant,
1417 1688 1628 1735 presentibus
1668 1688 1878 1732 indulgemus
1918 1698 1961 1720 ex

97 1754 212 1797 gracia
242 1752 389 1798 speciali.
420 1751 581 1785 Volentes
611 1751 698 1797 quod
727 1751 792 1795 hic,
823 1754 877 1796 qui
905 1756 1081 1797 presentes
1111 1751 1262 1784 habuerit
1292 1751 1416 1785 literas«
1446 1750 1627 1795 predictam
1658 1748 1768 1782 villam
1790 1747 1959 1781 Prasklicz

99 1824 172 1846 cum
202 1815 269 1846 suis
299 1814 513 1858 pertinenciis
542 1823 608 1845 non
638 1812 759 1845 feudali
788 1811 846 1845 sed
876 1814 1087 1857 proprietatis
1124 1811 1241 1845 debeat
1271 1811 1369 1845 titulis
1407 1810 1590 1856 possidere.
1648 1809 1863 1842 Presencium
1899 1806 1959 1841 sub

98 1884 245 1919 appenso
274 1877 387 1906 nostro
417 1873 525 1917 sigillo
555 1875 743 1906 testimonio
773 1872 954 1906 literarum.
986 1872 1104 1905 Datum
1136 1872 1242 1916 Prage
1266 1883 1351 1905 anno
1381 1871 1504 1904 domini
1527 1870 1700 1903 millesimo
1721 1871 1957 1902 trecentesimo

98 1936 327 1978 octuagesimo
357 1936 483 1978 quinte,
512 1932 596 1966 feria
626 1935 727 1966 tercia
757 1935 910 1978 proxima
940 1938 1015 1966 ante
1045 1933 1163 1966 festum
1193 1935 1298 1965 sancti
1327 1931 1488 1964 Johaunis
1520 1930 1671 1976 baptiste.

408 2012 481 2047 (Ans
505 2012 567 2038 dem
592 2011 688 2037 Codex
712 2012 750 2037 II.
774 2012 824 2037 fol.
849 2013 866 2037 4
892 2012 929 2037 im
955 2012 1100 2037 Olmiitzer
1124 2008 1625 2045 Meti-opolitan-Kapitel—Areliive.)

981 2157 1089 2192 362.

98 2260 289 2306 Marlcyraf
310 2260 423 2294 Joatolc
451 2261 588 2305 befiehlt
616 2261 679 2294 dea
708 2260 876 2294 Beamten
905 2261 966 2295 der
995 2261 1156 2295 Brimner
1180 2260 1288 2294 (tuda.
1320 2259 1392 2292 dem
1414 2257 1695 2301 Jfflne‘qe’nlfloster
1724 2257 1755 2288 in
1779 2255 1952 2288 ,Μῶν-(11111

228 2321 291 2355 das
320 2321 419 2366 Dorf
440 2321 633 2365 Hosenspz'c·
663 2323 694 2355 ῖη
725 2322 779 2355 die
808 2321 996 2367 Lamltafel
1023 2321 1231 2363 einzuleqen.
1271 2319 1327 2352 Dt.
1361 2318 1480 2351 Bruma
1510 2318 1568 2350 24.
1599 2317 1683 2350 ,11ιηί
1712 2315 1822 2349 1385.

258 2396 427 2450 Jodocus
457 2416 508 2450 dei
537 2419 652 2461 gracia
682 2417 832 2451 marchio
871 2422 903 2451 et
941 2417 1093 2450 (lominus
1129 2416 1282 2450 Moravie
1305 2442 1312 2448 .
1336 2441 1342 2447 .
1383 2415 1597 2446 camerario.
1621 2439 1627 2445 .
1667 2411 1823 2444 czudario
1863 2414 1895 2443 ct
1917 2437 1923 2443 .
1948 2436 1954 2442 .

97 2479 227 2510 notario
256 2480 419 2522 supremis
449 2477 552 2510 czude
589 2477 809 2517 Brunuensis„
839 2477 989 2511 fidelibus
1024 2479 1144 2510 nostris
1182 2475 1320 2511 dilectis,
1358 2473 1624 2507 benivolenciam
1663 2473 1809 2505 caritatis
1847 2469 1956 2503 debite

98 2548 172 2570 cum
201 2537 330 2570 affectu.
362 2537 494 2570 Fideles
523 2537 643 2571 dilecti.
698 2537 758 2571 Est
787 2542 901 2571 nostre
931 2540 1128 2570 intencionis
1159 2535 1253 2569 vobis
1283 2537 1526 2568 committentes
1564 2533 1783 2576 volentesque
1813 2533 1957 2564 seriose.

98 2601 258 2642 quatenus
287 2596 536 2631 honorabilibus
565 2601 597 2631 et
625 2598 792 2643 religiosis
814 2626 819 2631 .
844 2626 850 2631 .
882 2597 1048 2631 abbatisse
1078 2601 1107 2629 et
1132 2624 1137 2629 .
1161 2623 1167 2629 .
1198 2597 1375 2629 conuentui
1406 2596 1597 2627 monasterii
1617 2592 1749 2637 Regine
1771 2594 1802 2625 iu
1823 2593 1955 2635 antiqua

96 2657 242 2701 Brunna,
273 2657 403 2691 devotis
432 2660 553 2691 nostris
589 2657 728 2701 dilectisq
759 2658 870 2691 villam
908 2657 1028 2691 dictam
1058 2656 1276 2701 llosenspicz‚
1306 2654 1525 2699 dumprimum
1563 2657 1652 2686 terre
1690 2651 1799 2685 tabule
1837 2655 1952 2696 aperte

1747 2719 1780 2743 42
