2336 3074
1011 229 1031 261 9
1037 230 1056 262 9

990 382 1092 418 110.

130 494 204 528 Der
232 495 380 539 Psarrer
411 506 473 528 von
511 494 647 529 l‘Ve'lanz-
676 494 832 537 beltennt,
861 495 943 528 dass
972 506 1010 528 er
1037 507 1146 539 yeqett
1175 497 1291 529 seinen
1323 496 1451 530 Patron
1481 498 1602 532 heisten
1633 498 1780 532 Process
1810 511 1926 544 meyero

242 556 301 589 des
330 556 396 589 ihm
425 555 653 589 zusteleenden
681 554 810 588 Holz-es
839 557 958 588 weiter
983 556 1107 599 falaren
1138 556 1246 590 wolle.
1306 556 1363 590 De.
1395 557 1494 601 Iylau
1526 558 1582 592 10.
1615 559 1690 592 Mai
1719 559 1828 594 1378.

248 648 293 702 1η
322 672 457 702 nomine
486 668 608 702 domini
629 679 737 702 amen.
768 669 868 702 Anno
888 670 1068 702 nativitatis
1089 669 1235 702 eiusdem
1258 669 1432 702 millesimo
1455 674 1689 704 trecentesimo
1714 675 1964 717 septuagesimo

102 733 222 763 octavo
250 729 437 763 indiccione
465 731 583 774 prima.
614 729 740 762 decima
771 728 823 762 die
844 731 967 762 mensis
986 728 1100 773 Mayii,
1123 728 1205 762 hora
1226 740 1311 762 nona
1332 730 1387 763 vel
1409 733 1512 775 quasi.
1534 730 1743 776 pontificatus
1764 735 1964 766 sanctissimi

101 793 132 824 in
163 788 294 823 Christo
323 792 425 835 patris
455 793 487 823 et
516 790 639 823 domini
667 792 770 822 nostri
801 789 923 822 domini
952 788 1078 822 Urbani
1108 789 1219 822 divina
1249 790 1465 835 providencia
1496 801 1581 836 pape
1610 794 1707 825 sexti.
1739 803 1825 825 anno
1854 796 1964 837 primo

100 852 230 895 imperii
258 861 342 883 vero
371 852 579 884 serenissimi
607 854 639 883 et
668 852 875 883 invictissimi
904 851 1060 894 principis
1090 854 1122 882 et
1151 850 1272 883 domini
1301 853 1406 883 nostri
1437 850 1559 884 domini
1580 850 1693 884 Karoli
1723 855 1829 897 quarti
1851 853 1962 886 divina

101 909 236 944 favente
271 910 453 943 clemencia
491 909 719 943 Romanorum
758 912 979 955 imperatoriis
1017 920 1150 955 semper
1187 913 1318 954 augusti
1359 915 1389 943 et
1427 910 1589 944 Bohemie
1624 914 1715 956 regis
1755 915 1883 957 imperii
1913 916 1962 946 sui

100 981 186 1004 anno
214 973 377 1004 vicesimo
407 975 536 1015 quarto.
566 972 599 1003 in
636 973 701 1003 mei
730 972 848 1003 notarii
886 968 1005 1014 publici
1035 969 1235 1015 infrascripti
1265 973 1464 1015 testiumque
1493 974 1668 1015 presencia
1699 971 1960 1017 subscriptorum

99 1033 294 1064 constitutus
323 1029 528 1064 honorabilis
559 1033 611 1063 vir
639 1029 895 1063 Bartholomeus
924 1029 1084 1075 plebanus
1114 1032 1145 1062 in
1175 1030 1343 1076 lVylancz
1374 1030 1481 1063 Olom.
1514 1031 1598 1064 dioc.
1630 1032 1861 1076 personaliter.
1892 1044 1958 1066 non

99 1090 288 1136 compulsus
317 1101 380 1124 nec
410 1095 556 1124 coactus.
587 1090 644 1124 sed
674 1090 862 1124 voluntarie
892 1094 923 1123 et
951 1089 1036 1123 bona
1067 1090 1315 1124 deliberacione
1344 1090 1517 1136 prehabita
1555 1091 1635 1124 dixit
1665 1091 1851 1135 manifeste.
1882 1103 1961 1126 suos

99 1151 266 1196 legitimos
303 1155 462 1196 patronos
498 1150 657 1184 videlicet
693 1150 925 1183 Frenczlinuin
964 1149 1228 1184 Schonmelczer
1266 1155 1296 1183 et
1334 1150 1511 1184 Henlinuin
1553 1151 1688 1184 fratrem
1728 1155 1829 1197 ipsius
1868 1155 1962 1186 cives

99 1213 242 1244 civitatis
270 1210 399 1255 lglavie
429 1210 536 1244 Olom.
568 1210 712 1244 diocesis
741 1221 801 1255 pro
830 1210 928 1255 lignis
957 1210 1110 1243 omnibus
1139 1210 1283 1244 ecclesie
1313 1222 1372 1244 sue
1402 1215 1432 1244 et
1462 1222 1522 1256 pro
1562 1212 1632 1244 aliis
1668 1212 1820 1245 omnibus
1850 1215 1961 1245 causis

99 1283 137 1305 ac
165 1271 286 1314 litibus‚
315 1282 376 1316 pro
406 1270 523 1316 quibus
553 1274 643 1316 ipsos
671 1274 762 1316 prius
791 1274 823 1304 in
852 1271 972 1304 iudicio
1002 1271 1162 1316 spirituali
1192 1273 1223 1304 in
1254 1270 1395 1305 Olomuc
1424 1274 1581 1305 convenit
1621 1283 1732 1305 coram
1773 1272 1959 1306 honorabili

98 1334 172 1365 viro
201 1331 327 1365 scilicet
356 1332 489 1365 domino
519 1331 672 1365 Sandero
703 1336 778 1365 tunc
808 1334 966 1376 temporis
995 1330 1127 1364 officiali
1148 1330 1268 1364 ibidem
1297 1330 1422 1365 liberos
1451 1335 1703 1377 pronuncciavit
1734 1344 1809 1365 esse
1829 1335 1960 1377 penitus

99 1396 130 1425 et
158 1392 296 1427 solutos.
326 1395 379 1437 qui
410 1392 514 1425 dictus
544 1391 800 1425 Bartholomeus
836 1390 997 1437 plebanus
1034 1394 1065 1424 in
1102 1391 1269 1436 NVylancz
1310 1391 1418 1425 Olom.
1459 1392 1544 1425 dioc.
1584 1391 1704 1425 ibidem
1741 1392 1811 1425 fuit.
1850 1397 1958 1425 utrum

99 1455 310 1486 consciencie
339 1456 371 1486 et
399 1455 514 1496 gracie
543 1456 758 1497 patronorum
789 1462 922 1485 suorum
954 1451 1073 1484 dictum
1104 1450 1226 1484 factum
1255 1451 1355 1484 vellet
1386 1454 1605 1485 committere.
1635 1455 1824 1497 requisitus.
1865 1452 1959 1485 Tunc

97 1512 202 1546 dictus
246 1512 397 1546 dominus
439 1511 695 1545 Bartholomeus
739 1512 910 1556 respondit
952 1516 982 1545 et
1026 1511 1105 1544 dixit
1149 1511 1336 1545 manifeste.
1381 1511 1466 1556 quod
1510 1523 1576 1545 non
1618 1512 1719 1545 vellet
1766 1515 1881 1556 gracie
1925 1516 1956 1545 et

99 1575 311 1607 consciencie
339 1577 554 1618 patronorum
586 1583 719 1605 suorum
751 1574 969 1614 committere,
1000 1571 1058 1605 sed
1097 1570 1226 1604 dicebat
1269 1570 1444 1605 manifeste
1484 1582 1595 1604 coram
1636 1575 1724 1605 omui
1763 1573 1884 1618 populo
1914 1572 1958 1605 ihi

98 1637 319 1677 congregato,
350 1632 435 1677 quod
466 1631 526 1666 sibi
557 1636 589 1665 et
618 1632 761 1665 ecclesie
791 1643 850 1665 sue
880 1631 965 1664 dicte
994 1634 1025 1664 in
1054 1631 1222 1677 U'ylancz
1251 1642 1311 1676 pro
1341 1634 1429 1664 omni
1459 1631 1525 1665 lite.
1565 1643 1660 1676 quam
1700 1631 1811 1665 habuit
1842 1637 1957 1665 contra

98 1693 234 1727 eosdem
264 1697 423 1738 patronos
453 1703 531 1725 suos
559 1695 694 1725 nomine
724 1692 866 1725 ecclesie
896 1703 955 1725 sue
983 1692 1132 1736 predicte
1160 1691 1328 1736 VVylancz
1369 1691 1576 1735 integraliter
1613 1696 1701 1726 esset
1740 1692 1958 1728 satisfactum.

97 1756 128 1787 in
158 1752 275 1798 quibus
304 1753 498 1798 simpliciter
526 1752 626 1785 vellet
656 1755 841 1785 contentari
871 1756 901 1784 et
931 1752 1066 1785 eosdem
1097 1762 1175 1785 suos
1212 1756 1372 1797 patronos
1402 1763 1510 1796 neque
1549 1751 1692 1785 heredes
1722 1755 1867 1797 ipsorum
1897 1762 1959 1797 pro

97 1813 151 1847 tali
180 1813 267 1847 facto
296 1816 328 1846 in
357 1813 445 1846 nullo
475 1812 583 1846 iudice
611 1812 746 1857 speciali
776 1812 913 1845 ulterius
941 1812 1041 1845 vellet
1081 1815 1264 1845 convenire
1293 1812 1366 1845 data
1406 1812 1469 1845 fide
1509 1816 1539 1845 et
1578 1815 1682 1845 eciam
1722 1824 1782 1858 pro
1812 1815 1958 1857 inpensis

97 1878 129 1907 et
157 1876 316 1919 expensis
345 1876 377 1906 in
407 1873 491 1906 dicta
522 1873 577 1906 lite
607 1875 786 1906 contractis
815 1872 895 1905 dixit
933 1883 992 1905 eos
1027 1872 1149 1905 liberos
1189 1877 1220 1905 et
1255 1872 1392 1905 solutos.
1450 1872 1535 1905 Acta
1567 1877 1639 1905 sunt
1670 1872 1731 1905 hec
1761 1875 1792 1905 in
1822 1875 1959 1905 civitate

96 1933 277 1977 Iglaviensi
306 1938 338 1966 et
368 1933 431 1966 hoc
460 1936 492 1966 in
521 1932 619 1966 domo
648 1932 763 1966 relicte
793 1932 957 1977 quondam
986 1932 1158 1965 Michaelis
1188 1931 1440 1977 Reychnawcri
1465 1935 1548 1965 civis
1578 1931 1697 1965 ibidem
1730 1932 1837 1965 Olom.
1869 1932 1957 1965 dioc.

96 1994 197 2027 Anno
227 1998 289 2028 etc.
321 1993 438 2039 quihus
467 2004 566 2038 supra
596 1992 807 2038 presentibus
844 1991 1094 2025 honorabilibus
1132 1995 1213 2025 viris
1250 1997 1281 2025 et
1319 1992 1467 2025 honestis
1502 1992 1657 2026 videlicet
1696 1993 1829 2025 domino
1858 1992 1957 2025 Petro

97 2053 136 2087 de
165 2053 253 2087 Luca
283 2058 315 2087 et
352 2053 485 2087 domino
522 2052 661 2086 Nicolao
700 2053 740 2085 de
778 2052 965 2085 Petrowicz
1002 2052 1152 2097 plebanis
1190 2052 1298 2085 Olom.
1338 2052 1422 2085 dioc.
1460 2057 1490 2085 et
1529 2051 1708 2085 Cunczone
1737 2055 1769 2085 in
1798 2052 1896 2085 Turri
1925 2056 1957 2085 et

96 2112 235 2147 Nicolao
266 2113 407 2147 Arnoldi
438 2117 469 2146 et
498 2112 597 2146 Petro
626 2112 733 2156 Keg-el
765 2117 795 2145 et
824 2111 963 2145 Nicolao
1001 2112 1163 2145 Poeschel
1195 2111 1322 2145 civibus
1359 2115 1502 2145 civitatis
1531 2112 1730 2156 Iglaviensis
1766 2112 1956 2157 supradicte

98 2173 206 2207 Olom.
237 2173 321 2207 dioc.
353 2172 490 2207 testibus
520 2173 558 2206 ad
589 2175 751 2218 premissa
782 2175 909 2205 vocatis
938 2172 1128 2217 specialiter
1157 2176 1187 2205 et
1218 2175 1345 2216 rogatis
1373 2175 1403 2205 in
1435 2175 1656 2205 testimonium
1695 2174 1839 2205 omnium
1870 2182 1956 2216 pre-

97 2236 284 2268 missorum.

251 2293 293 2327 Et
321 2304 386 2338 ego
414 2292 573 2327 Nicolaus
603 2298 664 2326 etc.
695 2292 844 2338 publicus
874 2297 936 2325 ctc.
967 2295 1114 2325 notarius
1144 2296 1206 2325 etc.

408 2388 497 2422 (Orig.
521 2389 604 2422 Perg.
630 2388 664 2412 ini
692 2388 743 2419 Igi.
769 2388 990 2420 Stndtarchive)

1749 2743 1799 2767 13ἐξ
