2336 3074
981 178 1054 211 377

87 284 189 315 nostri
206 281 393 315 tenebimur
408 284 584 315 restituere
600 284 633 314 et
647 281 845 326 persolvere
862 282 1027 326 predictas
1043 283 1160 316 decem
1183 294 1313 317 marcas
1329 294 1462 317 suarum
1479 285 1692 329 pecuniarum
1714 282 1840 328 absque
1860 286 1949 316 omni

87 342 370 385 contradiccione‚
391 342 610 387 placitacione
630 341 753 385 iudicii,
770 344 949 375 occasione
970 346 1002 375 et
1021 342 1096 376 dolo
1117 342 1202 376 infra
1222 355 1320 376 unum
1343 354 1490 377 mensem
1511 355 1529 376 a
1550 343 1602 376 die
1623 345 1819 377 monicionis
1840 343 1948 377 fiende

84 402 319 447 computando.
349 401 556 448 Expressum
586 404 722 446 insuper
750 405 811 439 est„
842 401 927 446 quod
957 401 1108 436 dominus
1128 403 1352 437 Wenceslaus
1382 403 1528 437 altarista
1557 408 1587 437 et
1613 403 1747 449 quilibet
1768 414 1947 437 successor

85 465 186 508 ipsius
214 462 380 497 tenebitur
408 467 441 496 et
469 462 566 496 debet
595 462 741 507 quolibet
770 473 856 495 anno
887 465 975 496 circa
1006 462 1174 508 quodlibet
1204 462 1322 497 festum
1352 467 1458 498 sancti
1486 464 1681 497 W'(¹1icesl;1i
1719 475 1779 509 per
1816 475 1852 497 se
1893 464 1945 498 vel

84 533 145 568 per
181 523 280 556 alium
317 525 513 557 successive
551 525 583 556 in
617 522 734 556 eodem
773 522 868 556 altari
906 522 1022 567 legere
1059 525 1216 567 tringinta
1253 526 1371 557 missas
1408 523 1639 557 defunctorum
1679 535 1738 569 pro
1774 523 1946 558 animabus

84 583 304 628 supradictis3
342 586 368 617 si
402 587 511 616 autem
545 582 654 627 aliquo
691 593 777 616 anno
815 582 1023 628 supradictas
1053 585 1172 617 missas
1201 584 1318 628 legere
1346 584 1548 628 neglexerit,
1588 589 1664 617 tuuc
1702 588 1777 618 octo
1806 595 1946 629 grossos

83 643 284 688 pauperibus
314 647 346 676 et
374 647 449 676 octo
479 653 538 688 pro
569 642 695 676 fabrica
725 642 837 676 altaris
866 646 1071 688 supranotati
1101 644 1181 677 dare
1210 643 1384 677 tenebitur.
1425 643 1494 677 Nos
1524 655 1655 689 quoque
1684 644 1810 678 llersso
1840 645 1946 678 dictus

84 702 242 737 Smetana
271 708 304 746 et
322 702 484 737 Hanusko
514 703 555 737 de
574 702 744 737 Modrzicz
775 714 814 737 ac
834 702 1054 748 Marquardus
1075 703 1115 737 de
1135 703 1306 738 Modrzicz
1335 703 1549 738 fideiussores
1569 715 1629 749 pro
1650 707 1729 750 ipsis
1749 692 1945 750 Maynussio

84 764 217 797 domino
246 763 412 797 Hanussio
440 763 614 797 Herssone
643 769 675 797 et
697 763 865 797 Wznatha
895 764 1053 809 predictis
1082 768 1114 797 et
1143 775 1217 797 cum
1246 767 1326 809 ipsis
1355 775 1472 798 omnes
1501 767 1533 797 in
1563 764 1702 798 solidum
1732 770 1884 798 tenemur
1913 769 1946 798 et

83 823 169 858 bona
198 827 312 857 nostra
342 823 404 857 fide
434 835 532 857 manu
561 827 737 857 coniuncta
771 823 914 857 indivise
949 827 1169 869 promittimus
1206 824 1338 857 domino
1368 824 1574 858 wenceslao
1613 825 1760 858 altariste
1795 825 1944 870 predicto

83 888 115 918 et
143 883 277 917 cuilibet
305 894 365 918 suo
394 887 584 917 successori
612 884 762 929 legitimo
793 887 903 917 omnia
933 887 1095 929 premissa
1124 884 1360 918 inviolabiliter
1389 884 1574 918 observare
1604 889 1635 918 et
1664 885 1846 931 adimplere
1870 896 1946 918 cum

83 944 214 978 effectu.
245 943 280 978 Si
310 948 419 977 autem
448 944 581 989 aliquod
610 947 850 990 premissorum
880 956 945 977 non
978 944 1169 984 fecerimus„
1199 956 1277 978 mox
1306 955 1390 979 unus
1419 956 1462 978 ex
1482 944 1578 978 nobis
1598 944 1862 988 fidejussoribus⁹
1892 949 1945 990 qui

82 1015 143 1050 per
180 1004 347 1038 dominum
385 1004 625 1038 NVenceslauin
669 1005 849 1038 altaristam
892 1004 1096 1050 sepedictum
1140 1009 1195 1038 aut
1234 1016 1295 1050 per
1340 1015 1571 1039 successorem
1620 1008 1722 1051 ipsius
1764 1006 1946 1050 legitimum

83 1067 225 1098 monitus
254 1063 354 1098 suerit
382 1063 487 1110 etc.*)
516 1064 553 1098 In
582 1075 722 1110 quorum
752 1064 893 1098 evidens
924 1067 1145 1099 testimonium
1175 1064 1282 1109 sigilla
1312 1069 1425 1099 nostra
1446 1064 1657 1110 presentibus
1687 1070 1761 1099 sunt
1785 1076 1944 1111 appensa.

81 1124 202 1158 Datum
225 1124 397 1159 Chremsir
417 1127 449 1158 in
469 1125 634 1159 conductu
664 1136 778 1171 pasce‚
809 1136 896 1158 anuo
927 1125 1049 1159 domini
1079 1125 1253 1159 millesimo
1282 1128 1519 1159 trecentesimo
1540 1128 1771 1170 octuagesimo
1792 1129 1944 1171 septimo.

394 1204 483 1238 (orig.
508 1205 588 1238 Perg.
615 1205 629 1229 ῖ
657 1213 691 1229 :in
720 1205 846 1235 Pergam.
871 1203 993 1229 Streifeu
1018 1204 1045 1231 h,
1070 1203 1097 1229 S.
1122 1204 1158 1228 im
1183 1203 1334 1230 fiirsterzb.
1362 1204 1485 1229 Arehive
1510 1204 1538 1228 in
1563 1203 1729 1237 Kremsier.)

966 1425 1071 1462 4⁰23.

92 1527 315 1573 l'⁷erordmtn9
344 1529 403 1562 des
419 1528 582 1563 Brumaer
602 1529 827 1563 Stadtrathes
858 1541 971 1573 weyen
1003 1527 1154 1573 Einfulzr
1179 1529 1332 1571 fremder
1361 1527 1490 1562 Weine.
1522 1528 1581 1562 Dt.
1614 1528 1671 1562 16.
1698 1529 1802 1573 April
1830 1528 1940 1563 1387.

237 1608 381 1672 Judex,
410 1632 571 1674 magister
599 1632 720 1663 civium
751 1634 814 1663 etc.
844 1633 1159 1664 sentenciaverunt:
1190 1631 1277 1676 quod
1306 1631 1412 1665 nullus
1441 1632 1627 1666 introducat
1647 1635 1760 1666 vinum
1787 1633 1942 1675 alienulm

83 1691 145 1722 nisi
181 1692 368 1734 portaverit
406 1689 649 1733 certitudinem,
692 1690 746 1724 ubi
782 1693 930 1724 creverit
968 1690 1022 1724 vel
1060 1694 1188 1724 emerit.
1245 1691 1368 1725 Actum
1407 1691 1490 1725 feria
1525 1691 1582 1725 ΙΙΙ.
1622 1697 1697 1726 ante
1726 1693 1939 1738 reliquiarum

80 1752 318 1783 ostensionem.
349 1747 401 1783 Μ0
428 1748 529 1783 CCC⁰
557 1748 777 1784 LXXXVIIO.

391 1828 462 1861 (Ans
487 1828 548 1852 (lein
574 1827 669 1853 Codex
695 1828 732 1852 :34
759 1828 806 1855 fol.
838 1830 882 1855 13,
908 1829 944 1853 im
971 1830 1100 1854 Briinuer
1124 1829 1348 1863 Stadtarehive.)

963 2050 1067 2086 ⁴24.

843 2153 900 2188 17.
932 2154 1037 2198 April
1066 2153 1175 2187 1387.

235 2236 359 2291 Pabst
386 2256 501 2291 Urban
523 2256 579 2290 VI.
611 2256 801 2301 beauftragt
831 2256 895 2290 den
923 2256 1040 2291 Probst
1070 2268 1137 2291 von
1166 2257 1305 2301 Zderaz‚
1341 2259 1403 2292 den
1433 2258 1594 2293 Probst
1623 2259 1698 2293 des
1726 2259 1938 2292 Klosters

78 2315 238 2350 Kanitz
276 2317 341 2350 und
380 2317 443 2350 den
477 2317 631 2351 Dechant
669 2316 728 2350 der
766 2316 930 2351 Passauer
967 2317 1103 2359 Kirclieff
1161 2318 1237 2352 dass
1279 2320 1327 2351 sie
1370 2318 1422 2351 die
1457 2318 1530 2352 dem
1568 2318 1769 2352 Bf-evnover
1802 2318 1938 2352 Kloster

79 2379 288 2410 entrissenen
318 2376 423 2411 Giiter
460 2377 652 2412 demselben
681 2388 721 2410 zu
750 2377 975 2411 revindiciren
1016 2377 1164 2411 tracliten
1200 2378 1316 2411 sollen.
1364 2378 1483 2411 Datum
1521 2377 1648 2412 Perusii
1685 2378 1749 2412 XV
1777 2377 1938 2412 kalendas

78 2436 169 2481 Maji‚
198 2436 407 2484 pontificatus
436 2449 522 2472 anno
552 2439 595 2472 X.

388 2515 527 2550 (Dobuer,
553 2516 735 2541 Monumcnta
764 2517 812 2541 Vl.
836 2525 863 2549 p.
885 2517 965 2549 llll,

232 2631 262 2669 ³⁴²)
290 2635 372 2669 Folgt
396 2636 440 2661 die
464 2636 659 2669 gewfihuliehe
684 2635 931 2670 Einlagerforniel,

1725 2695 1758 2719 48
