2336 3074
1017 208 1083 241 125

116 313 279 359 Zelspicz‚
309 313 476 358 predictos
506 314 588 346 duos
617 312 732 346 laneos
762 324 800 345 ac
829 311 1023 345 curticulam
1054 322 1127 343 eum
1159 314 1373 356 pertinenciis
1395 312 1580 345 eorundem
1613 315 1779 345 universis
1809 323 1980 358 suprano-

117 376 190 407 tatis
220 373 367 418 predicte
397 372 571 405 domicello
600 372 689 405 Jutte
718 377 749 405 et
779 374 982 405 monasterio
1013 370 1163 416 predicto
1193 382 1232 403 ac
1262 375 1441 404 conventui
1473 372 1612 417 predicti
1642 375 1834 405 monasterii
1865 377 1979 405 contra

116 432 295 479 quemlibet
324 433 491 466 hominem
522 435 759 477 cuiuscumque
788 436 892 466 status
922 436 953 465 et
983 431 1187 464 condicionis
1209 430 1307 464 fuerit
1328 434 1541 476 impetentem
1563 443 1601 465 ac
1622 434 1783 477 impetere
1812 432 1980 465 volentem

118 498 151 527 et
179 493 369 539 specialiter
398 504 458 538 per
487 493 619 526 modum
650 493 877 534 discussionis,
908 491 993 536 quod
1025 494 1055 524 in
1086 491 1217 535 vulgari
1238 495 1335 536 sutye
1356 491 1485 525 (licitur.
1518 495 1678 537 impetere
1708 493 1877 526 volentem
1905 493 1982 536 jure

117 558 207 587 terre
235 553 389 587 Moravie
418 553 667 598 secundumque
697 554 769 596 ejus
798 552 1073 586 consuetudinem
1104 550 1302 595 dishrigare.
1335 550 1370 583 Si
1400 562 1484 584 vcro
1512 552 1686 596 aliqnando
1717 552 1864 597 predicta
1895 552 1979 585 bona

117 625 191 648 cum
228 617 442 660 pertinenciis
472 616 542 647 eius
572 613 729 647 videlicet
767 613 906 646 duorum
943 613 1115 646 laneorum
1154 615 1186 644 et
1223 611 1383 643 curticule
1420 613 1450 644 in
1489 612 1636 656 predicta
1675 612 1752 645 villa
1792 612 1979 657 dislirigare

116 675 379 719 neglexerimus,
410 685 468 708 seu
497 684 564 707 non
593 684 768 719 possemus
799 676 917 718 quovis
948 672 1058 707 modo.
1089 683 1133 705 ex
1162 676 1237 704 tunc
1267 670 1403 715 quilibet
1432 676 1620 705 nostrorum
1660 684 1733 705 cum
1764 684 1828 706 uno
1859 672 1981 706 l'amulo

117 740 150 769 et
178 734 305 769 dnobus
335 737 440 779 equiS.
471 734 747 779 quandocumque
777 736 890 767 moniti
920 733 1080 766 fuerimus
1110 743 1169 777 per
1189 734 1292 777 ipsam
1315 731 1521 764 domicellam
1543 731 1664 765 Jnttam
1695 737 1747 765 aut
1778 737 1980 766 conventum

116 795 255 841 predicti
284 797 477 828 monasterii
506 806 565 828 seu
586 799 737 828 rectores
758 794 813 828 vel
833 795 993 827 nunccios
1014 795 1115 837 ipsius
1137 794 1330 825 monasterii
1351 791 1538 835 obstagium
1560 792 1703 825 debitum
1735 797 1767 825 et
1786 797 1980 826 consuetum

118 859 149 889 in
179 858 313 889 civitate
342 854 589 900 Jempniczensi
620 854 658 887 ad
690 854 853 899 hospitem
883 864 943 899 per
972 855 1076 898 ipsam
1106 852 1315 885 domicellam
1344 851 1466 884 Juttam
1497 863 1555 885 seu
1586 857 1785 885 conventum
1816 853 1869 886 vel
1900 864 1979 885 rec-

119 921 225 949 torem
254 915 374 961 prefati
414 918 606 948 monasterii
645 914 740 948 nobis
776 914 966 959 deputatum
1003 911 1162 946 debemus
1197 916 1229 945 et
1264 911 1451 945 tenebimur
1480 911 1668 945 subintrare
1707 917 1737 945 et
1776 915 1913 946 introire
1952 918 1980 945 et

119 977 147 1010 id
188 975 375 1020 obstagium
415 986 508 1008 more
546 975 643 1008 solito
679 977 834 1008 continue
873 973 1059 1007 observare
1101 983 1167 1005 non
1203 972 1358 1005 exeundo
1397 971 1438 1005 de
1476 972 1607 1014 eodem„
1646 972 1752 1005 donec
1791 973 1981 1017 supradicta

118 1039 258 1083 pecunia
289 1047 363 1069 cum
393 1038 496 1070 tercia
525 1040 619 1081 parte
649 1046 749 1081 super
778 1035 886 1068 addita
917 1038 948 1067 et
977 1036 1087 1067 omnia
1117 1033 1271 1078 dampna,
1301 1043 1365 1077 que
1404 1032 1549 1078 desuper
1587 1037 1810 1066 accreverunt
1839 1033 1893 1066 vel
1924 1045 1983 1078 per

117 1099 364 1132 itineraeiones.
394 1096 589 1140 legaciones
618 1100 672 1129 aut
701 1095 798 1128 alium
828 1097 981 1140 quemvis
1011 1093 1142 1127 modum
1174 1104 1234 1138 per
1262 1104 1324 1126 nos
1345 1097 1377 1126 et
1397 1092 1611 1126 fideiussores
1640 1093 1738 1138 plene
1768 1097 1800 1126 et
1828 1096 1983 1137 integra-

117 1157 191 1190 liter
219 1156 369 1202 predicte
398 1155 573 1189 domicelle
601 1155 690 1189 Jutte
720 1159 752 1189 et
780 1157 960 1188 conventui
989 1166 1028 1188 ac
1058 1156 1261 1187 monasterio
1291 1153 1441 1198 predicto
1471 1152 1570 1186 fuerit
1607 1153 1787 1198 persoluta.
1845 1153 1983 1198 Insuper

117 1220 143 1251 si
173 1217 289 1261 aliquis
318 1227 362 1249 ex
391 1216 485 1249 dictis
515 1215 765 1249 fideiussoribus
795 1215 835 1248 de
866 1215 929 1248 hoe
968 1214 1089 1248 mundo
1128 1214 1290 1247 deciderit
1328 1213 1461 1246 domino
1500 1216 1724 1258 permittente,
1763 1218 1886 1247 extunc
1918 1225 1982 1258 ego

117 1276 294 1322 Dyetocho
336 1287 400 1310 una
437 1288 509 1310 cum
549 1279 742 1321 prescriptis
777 1279 860 1309 meis
898 1274 1147 1309 fideiussoribus
1186 1274 1283 1307 alium
1319 1273 1488 1319 ydoneum
1526 1273 1600 1306 loco
1640 1276 1760 1306 mortui
1795 1276 1826 1307 in
1871 1276 1984 1319 spacio

118 1342 259 1383 quatuor
288 1337 547 1371 ebdomadarum
570 1336 816 1382 equivalentem
837 1336 1037 1370 substituere
1058 1337 1213 1380 promitto
1235 1338 1267 1367 et
1287 1333 1394 1367 debeo
1416 1336 1596 1367 occasione
1617 1333 1723 1378 aliqua
1746 1345 1811 1366 non
1832 1333 1983 1367 obstante

117 1397 178 1432 sub
206 1409 291 1444 pena
321 1397 462 1442 obstagii
492 1400 644 1443 superius
674 1400 873 1443 expressati.
904 1396 940 1430 In
970 1399 1063 1430 cuius
1084 1397 1133 1428 rei
1154 1397 1377 1427 testimonium
1400 1394 1539 1427 evidens
1560 1394 1666 1438 sigilla
1696 1398 1809 1427 nostra
1831 1394 1871 1427 de
1892 1398 1982 1427 certa

117 1463 230 1492 nostra
259 1460 404 1492 sciencia
426 1469 465 1491 ac
494 1456 735 1491 honorabilium
765 1460 914 1491 virorum
936 1456 1091 1490 videlicet
1112 1454 1195 1488 Galli
1217 1455 1257 1488 de
1278 1454 1476 1487 Chostelecz
1496 1454 1577 1487 alias
1598 1454 1638 1486 de
1659 1453 1802 1487 Paczow
1823 1459 1854 1487 et
1875 1454 1983 1499 Smy-

117 1519 201 1552 lonis
235 1518 275 1551 de
303 1517 440 1551 Hradek
468 1529 529 1563 pro
559 1520 747 1551 testimonio
776 1516 987 1563 presentibus
1016 1519 1091 1550 sunt
1129 1526 1286 1560 appensa.
1344 1514 1463 1547 Datum
1494 1518 1526 1547 et
1554 1518 1661 1546 actum
1699 1516 1729 1546 in
1759 1513 1892 1547 Reusch
1924 1512 1983 1547 sub

119 1590 205 1613 anno
248 1579 371 1612 domini
414 1578 587 1612 millesimo
626 1580 861 1611 trecentesimo
910 1578 1158 1622 septuagesimo
1206 1585 1294 1608 nono
1333 1574 1414 1607 feria
1463 1574 1608 1607 secunda
1647 1576 1677 1606 in
1717 1578 1836 1607 octava
1879 1576 1984 1607 sancti

118 1639 279 1673 ,Iohannis
309 1639 449 1684 apostoli
478 1643 511 1672 et
538 1638 760 1682 evangeliste.

430 1700 520 1733 (Oi-ig.
546 1700 627 1733 Perg.
654 1702 670 1721 Η
696 1699 722 1723 li.
747 1699 773 1724 S.
799 1699 834 1723 im
861 1698 984 1723 Arctum·
1009 1698 1058 1723 des
1083 1698 1131 1724 Kl.
1158 1696 1359 1729 Neu-Reisehgi

1008 1816 1110 1851 136.

420 1920 756 1966 Eroffnuuslsformel
784 1921 843 1953 des
876 1920 1048 1953 Olnm'ltzer
1077 1918 1313 1952 Latzdt-ecletes
1341 1917 1375 1951 8.
1409 1918 1544 1951 Ja'meer
1575 1917 1684 1950 1379.

278 1989 396 2042 Anno
434 2007 557 2041 domini
593 2007 766 2040 millesimo
797 2008 1033 2039 trecentesimo
1063 2008 1312 2050 septuagesimo
1348 2016 1436 2038 nono
1474 2004 1612 2038 sabbato
1650 2008 1723 2049 post
1762 2003 1984 2049 epyphaniam

121 2068 244 2102 domini
274 2067 474 2112 colloquium
504 2072 553 2101 est
583 2066 786 2100 celebratum
817 2077 876 2111 per
905 2065 1033 2099 nobiles
1063 2065 1215 2098 dominos
1245 2064 1505 2098 XVenczeslaum
1528 2064 1568 2097 de
1590 2063 1762 2097 Straznicz
1792 2074 1983 2108 supremum

121 2130 341 2162 camerarium
360 2128 463 2161 czude
485 2127 730 2163 Olomucensis„
752 2126 939 2159 Jaroslaum
961 2126 1001 2159 de
1018 2125 1192 2171 Knyenicz
1213 2125 1294 2158 alias
1314 2125 1354 2158 de
1371 2124 1551 2169 Langberg
1568 2124 1759 2165 czudarjum
1780 2134 1983 2168 supremum.

119 2187 381 2222 W'enczeslaum
411 2187 594 2221 tabularum
625 2192 714 2220 terre
744 2189 907 2219 notarium
939 2196 1070 2218 necnon
1099 2196 1160 2230 per
1180 2185 1262 2219 alios
1283 2184 1411 2218 nobiles
1433 2185 1584 2217 dominos
1614 2183 1767 2217 videlicet
1797 2182 1985 2215 Johunnem

121 2251 288 2282 seniorem
318 2247 358 2280 de
387 2247 532 2281 Mezricz
562 2249 796 2282 camerarium.
826 2245 1012 2279 Johannem
1045 2245 1084 2278 de
1115 2244 1246 2279 Lukow
1275 2256 1466 2290 supremum
1488 2246 1709 2277 camerarium
1741 2242 1985 2281 Brunnensem„

120 2308 269 2342 Ulricum
300 2308 341 2342 de
369 2307 550 2349 Bozcovicq
581 2306 764 2340 Arclebum
795 2307 835 2339 de
865 2305 1142 2343 Starzeohovicz„
1165 2304 1380 2338 Sdenlionem
1403 2304 1443 2337 de
1473 2303 1661 2347 Sternberg
1690 2302 1771 2335 alias
1792 2305 1822 2335 in
1845 2301 1983 2335 Lukaw.

121 2367 297 2402 Albertum
326 2368 367 2401 de
397 2366 583 2411 Sternberg
613 2367 693 2401 alias
722 2370 754 2400 in
784 2366 972 2400 Swietlow.
1004 2365 1228 2398 Beneschium
1250 2365 1290 2397 de
1310 2364 1453 2398 Buzow.
1484 2363 1668 2396 Tassonem
1699 2362 1739 2395 de
1769 2361 1982 2403 Bozcowicz‚

121 2428 255 2462 Petrum
284 2428 325 2462 de
356 2427 555 2472 Sternberg
584 2427 717 2460 Petrum
747 2427 788 2460 de
818 2426 959 2460 Crawar
988 2425 1068 2459 alias
1098 2429 1130 2459 in
1161 2424 1333 2467 Plumtaw‚
1363 2424 1571 2457 Laczconem
1604 2422 1644 2455 de
1674 2421 1815 2455 Crawar
1844 2421 1925 2454 alias
1946 2420 1986 2454 de

121 2488 311 2534 Helfsteyn,
342 2487 537 2534 Smylonem
567 2488 608 2521 de
642 2487 819 2530 Zabrzieh,
850 2486 1046 2532 Smylonem
1077 2486 1118 2520 de
1153 2485 1319 2527 Lestnicz„
1358 2483 1542 2517 Pollionem
1581 2482 1621 2516 de
1656 2481 1807 2515 Holstein
1836 2481 1917 2514 alias
1947 2480 1988 2513 de

121 2547 254 2591 Donka‚
282 2547 475 2582 VVokonem
507 2548 547 2581 de
576 2547 738 2586 Holsteinq
770 2546 1044 2593 Croppaczoncm
1075 2547 1116 2580 de
1145 2545 1323 2590 Holsteym
1353 2543 1579 2577 Pawliconem
1618 2542 1658 2575 de
1686 2541 1895 2586 Eylenburg.
1926 2540 1988 2574 illis

123 2607 275 2642 omnibus
294 2607 458 2642 nobilibus
478 2608 701 2653 presentibus
722 2611 776 2653 qni
797 2607 1029 2641 interfuerunt.
1052 2611 1081 2640 et
1104 2609 1211 2640 eciam
1231 2609 1388 2651 presente
1409 2604 1542 2637 domino
1562 2601 1739 2636 Herbardo
1757 2602 1797 2635 de
1814 2600 1985 2635 Cunstat-h.

434 2669 594 2703 (Olmiitzer
618 2668 796 2703 Landtafel.)
