2336 3074
1055 230 1127 263 555

162 333 248 367 dicte
282 333 426 367 ecclesie
465 344 523 366 seu
562 343 676 366 mense
714 337 828 365 nostre
859 333 966 366 villam
1005 337 1211 378 superiorem
1242 334 1422 372 Zabihlicz,
1462 337 1492 368 in
1528 346 1590 379 qua
1625 334 1810 379 quindecim
1848 344 2020 378 sexageno

160 404 355 438 grossorum
399 396 498 427 annui
540 403 661 426 census
704 395 860 428 existunt.
904 394 1052 427 similiter
1094 405 1154 440 pro
1197 398 1330 440 propria
1374 398 1512 440 pecunia
1550 399 1661 428 nostra
1702 395 1742 428 dc
1780 394 1949 428 voluntate
1987 399 2019 427 et

161 465 325 499 expresso
368 464 533 488 consensu
576 453 707 499 capituli
754 457 856 487 nostri
900 459 1125 500 comparatam
1169 466 1299 488 necnon
1341 460 1372 489 et
1407 458 1532 489 curiam
1568 456 1688 489 dictam
1719 454 1879 488 Cronvelt
1916 465 2020 500 prope

161 514 411 548 Lanczkronarn
451 519 483 549 et
520 514 743 548 molendinum
783 526 856 547 cum
896 515 1021 548 duabus
1058 518 1137 548 rotis
1172 519 1268 549 situm
1307 527 1408 562 super
1444 516 1576 550 ssumine
1614 517 1700 549 dicto
1737 516 1893 556 Sazawzu
1930 519 2019 549 iuxta

160 575 270 608 villam
306 575 425 610 dictam
454 574 716 609 Albrechtsdorf
741 574 929 607 immediate
958 586 1059 620 super
1087 576 1276 610 molendino
1305 577 1460 610 advocati
1490 576 1789 612 Lanczkronensis.
1829 579 1891 610 sito
1920 587 2020 622 super

162 634 294 669 flumine
323 635 525 682 supradicto,
555 638 665 669 omnia
694 638 806 668 nostra
836 638 969 681 propria
997 641 1187 681 comparata
1208 640 1347 682 pecunia
1369 638 1408 671 (lc
1430 648 1595 671 consensu
1617 642 1647 670 ct
1669 648 1829 683 expressa
1852 637 2021 670 voluntate

161 696 236 729 dicti
273 699 375 730 nostri
412 696 543 742 capituli
582 695 744 738 dedimus,
781 696 979 729 contulimus
1009 701 1038 729 et
1070 697 1279 737 donavimus,
1318 698 1444 734 (lamus.
1479 697 1681 731 conserimus
1710 701 1741 730 et
1771 696 1931 730 donamus
1961 708 2020 742 per

160 758 250 802 ipsos
297 756 474 801 religiosos
519 767 686 802 pauperes
729 761 760 790 et
803 756 923 789 dictum
967 761 1203 791 monasterium
1247 761 1317 791 inre
1359 758 1561 791 hereditario
1604 760 1773 803 perpetuis
1815 757 2019 803 temporibus

160 817 372 862 possidenda„
410 828 482 851 cum
521 816 673 851 omnibus
708 816 862 851 officinis.
902 821 988 852 casis
1025 823 1056 851 et
1091 818 1273 864 appendiis.
1313 821 1421 856 terris,
1458 817 1725 864 possessionibus
1764 818 1858 851 cultis
1894 822 1924 851 et
1955 829 2020 851 non

160 877 266 920 cultis,
284 880 375 920 ortis,
397 880 510 923 pratis,
531 880 674 923 pascuis.
695 878 800 916 silvis,
821 877 958 914 rubetis.
979 879 1181 915 nemoribus.
1203 878 1455 915 venacionibuS.
1478 878 1622 914 fossatis.
1643 881 1747 923 aquis.
1770 878 2019 926 aqueductibus*

160 938 404 984 piscacionibus
451 943 483 972 et
524 941 670 985 piscinis„
719 941 904 979 territoriisq
952 939 1144 974 accionibus
1179 939 1410 986 personalibus
1449 944 1480 973 et
1525 938 1669 972 realibus
1712 942 1899 984 ceterisque
1947 939 2018 972 aliis

160 999 410 1044 quibuscunque
439 999 478 1033 ad
509 999 612 1033 dictas
640 999 765 1037 villam,
795 1002 919 1033 curiam
949 1004 979 1033 et
1010 1000 1231 1034 molendinum
1261 1004 1315 1033 aut
1344 1000 1504 1033 dictarum
1524 999 1602 1033 ville
1624 1003 1656 1032 et
1676 1001 1767 1032 curie
1788 1004 1817 1031 et
1840 999 2018 1032 molendini

159 1062 405 1105 possessiones,
446 1059 563 1094 domus
610 1064 641 1093 et
687 1059 748 1093 alia
796 1059 984 1094 huiusmodi
1021 1072 1080 1094 scu
1118 1061 1300 1105 aliquorum
1342 1071 1456 1093 eorum
1493 1059 1740 1104 quomodolibet
1778 1059 2018 1105 pcrtinentibus

159 1119 387 1163 servitutibus,
418 1120 541 1154 iuribus
570 1124 602 1154 et
631 1120 917 1154 iurisdiccionibus
946 1124 1123 1159 universis,
1154 1123 1354 1166 recepcione
1384 1120 1499 1163 bernc‚
1531 1123 1673 1153 tuicione
1703 1131 1741 1152 ac
1771 1119 1890 1152 iudicio
1918 1119 2019 1152 ultimi

159 1181 308 1226 supplicii
346 1185 377 1214 et
416 1180 639 1214 membrorum
679 1184 913 1216 truncacionis.
958 1193 1018 1227 per
1060 1186 1193 1215 nostros
1236 1185 1267 1214 et
1305 1181 1448 1214 ecclesie
1486 1184 1600 1214 nostre
1645 1182 1811 1213 ministros
1848 1180 2018 1217 seculares

159 1241 363 1276 exercendo.
410 1241 516 1284 nobis,
563 1241 817 1275 successoribus
860 1246 891 1275 et
933 1242 1075 1276 ecclesie
1122 1246 1235 1275 nostre
1283 1242 1453 1275 dumtaxat
1502 1243 1705 1285 reservatisg
1754 1251 1857 1286 penas
1909 1245 2017 1273 tamen

157 1304 367 1348 pecuniarias
396 1313 610 1347 quascunque
641 1302 727 1335 dicto
757 1305 960 1336 monasterio
990 1303 1142 1337 volumus
1172 1303 1339 1349 applicari.
1370 1302 1411 1335 Et
1431 1313 1492 1335 nos
1512 1301 1670 1335 Nicolaus
1690 1304 1792 1347 prior,
1822 1300 2016 1334 Radevinns

158 1367 281 1405 custos,
311 1362 482 1396 Joliannes
511 1367 639 1406 cantor,
669 1362 824 1397 Siboldus
854 1363 1048 1397 scolasticus
1077 1368 1246 1409 totumque
1276 1363 1450 1408 capitulum
1481 1362 1768 1405 Luthomuslense‚
1810 1361 2018 1394 attendentes

158 1425 379 1456 intencionem
411 1427 442 1456 et
470 1425 675 1469 propositum
706 1423 782 1457 dicti
812 1424 989 1457 reverendi
1019 1426 1121 1470 patris
1150 1428 1182 1457 et
1211 1424 1333 1457 domini
1363 1423 1485 1456 domini
1515 1421 1601 1456 Petri
1640 1425 1787 1468 episcopi
1826 1424 1929 1455 nostri
1972 1432 2015 1454 ex

156 1486 286 1529 pietatis
316 1487 348 1517 et
376 1483 606 1517 misericordie
634 1483 822 1518 visceribus
851 1495 1019 1520 emanare,
1059 1485 1288 1529 volentesque,
1326 1488 1358 1516 ut
1395 1488 1459 1516 tam
1489 1482 1672 1528 sollempne
1702 1486 1733 1515 et
1761 1481 2015 1515 saluberrimum

157 1554 240 1589 opus
281 1544 322 1577 ad
364 1543 461 1578 finem
504 1543 701 1578 laudabilem
739 1544 939 1591 perducatur
975 1549 1007 1578 et
1044 1550 1190 1590 optatum
1229 1548 1453 1589 consequatur
1490 1543 1655 1585 effectum,
1702 1543 1779 1576 licet
1816 1541 1900 1575 dicta
1938 1541 2014 1575 villa

158 1604 321 1638 Strzietez
351 1604 471 1638 dudum
501 1605 641 1638 alienata
671 1605 763 1639 salva
793 1608 1007 1651 reempcione
1036 1617 1052 1638 a
1083 1604 1177 1639 nobis
1215 1605 1255 1638 de
1290 1607 1372 1650 ipsa„
1411 1614 1485 1636 cum
1523 1606 1758 1649 potuissemuQ
1794 1602 1945 1636 facienda
1975 1602 2015 1635 ad

157 1676 218 1699 nos
247 1669 279 1699 et
306 1676 455 1699 mensam
484 1670 631 1700 nostram
660 1669 830 1712 pertinere
866 1665 1112 1700 dinoscebatur.
1150 1664 1331 1711 prehabitis
1369 1668 1478 1697 tamen
1514 1662 1707 1697 tractatibus
1736 1661 1947 1707 diligentibus
1985 1666 2017 1695 et

157 1725 403 1759 deliberacione
433 1730 558 1759 matura
588 1737 653 1760 non
680 1726 785 1760 solum
820 1726 935 1762 semel.
974 1725 1023 1759 bis
1052 1727 1106 1760 vel
1143 1731 1204 1767 ter,
1234 1729 1333 1759 immo
1364 1725 1485 1770 pluries
1515 1724 1556 1757 ob
1595 1723 1658 1757 hoc
1694 1723 1836 1769 capitulo
1873 1725 1904 1756 in
1940 1722 2014 1756 loco

155 1785 396 1820 celebracionis
432 1786 563 1832 capituli
599 1798 692 1820 more
730 1787 827 1820 solito
863 1790 1073 1831 congregati.
1110 1798 1174 1820 non
1210 1797 1270 1832 per
1308 1796 1457 1819 errorem
1496 1784 1553 1818 sed
1593 1785 1633 1817 de
1671 1789 1761 1817 certa
1800 1786 1945 1817 sciencia
1983 1788 2016 1817 et

155 1857 316 1892 expressa
347 1849 491 1880 omnium
520 1851 669 1880 nostrum
700 1847 871 1881 voluntate
901 1850 1131 1881 consensimus
1160 1851 1191 1880 ct
1211 1848 1436 1880 consentimus
1457 1848 1622 1891 empcioni
1643 1845 1729 1878 dicte
1749 1844 1827 1878 ville
1848 1843 2011 1878 Strzietez

154 1918 193 1940 ac
214 1907 355 1940 dacioni.
385 1907 558 1941 collacioni
580 1912 612 1941 et
632 1908 807 1941 donacioni
829 1910 930 1953 ipsius
950 1908 1039 1950 ville,
1061 1910 1152 1941 curie
1172 1907 1258 1940 dicte
1279 1905 1449 1940 Cronvelt.
1481 1905 1659 1939 molendini
1680 1910 1709 1938 et
1731 1907 2010 1951 pertinenciarum

153 1969 311 2013 ipsarum,
341 1972 375 2001 ut
403 1970 555 2013 superius
585 1971 793 2013 exprimitur2
823 1979 883 2014 per
912 1972 1129 2001 memoratum
1159 1966 1382 2001 reverendum
1412 1969 1443 1999 in
1474 1965 1605 1999 Christo
1634 1969 1761 2011 patrem
1792 1969 1824 1997 et
1843 1965 2008 1998 dominum

155 2027 321 2061 dominnm
352 2027 483 2062 Petrum
515 2031 705 2074 episcopum
736 2033 885 2062 nostrum
916 2029 1008 2062 dictis
1039 2028 1215 2072 religiosis.
1254 2026 1390 2060 infirmis
1428 2037 1466 2059 ac
1501 2028 1702 2059 monasterio
1738 2028 1789 2070 pia
1825 2025 2011 2058 devocione

155 2087 250 2121 factis
285 2100 324 2122 ac
360 2091 448 2134 ipsas
486 2089 671 2127 dacionem„
708 2089 924 2123 collacionem
965 2093 993 2122 et
1031 2088 1248 2121 donacionem
1287 2086 1520 2120 inviolabiliter
1557 2088 1644 2119 omni
1675 2085 1784 2128 niodo.
1815 2084 2011 2118 condicione

155 2152 185 2181 et
220 2148 339 2187 forma„
382 2148 498 2194 quibus
536 2150 652 2183 melius
691 2161 878 2196 possumus.
922 2152 1025 2183 eciam
1065 2147 1273 2194 presentibus
1317 2146 1548 2193 approbamus.
1606 2146 1640 2179 In
1683 2156 1821 2190 quorum
1865 2147 2009 2177 omnium

155 2211 376 2242 testimonium
415 2214 446 2243 et
482 2213 633 2256 perpetui
671 2209 801 2244 roboris
840 2210 1024 2244 firmitatem
1063 2212 1236 2255 presentes
1267 2207 1335 2241 fieri
1366 2212 1397 2241 et
1426 2207 1607 2252 sigillorum
1638 2211 1825 2240 nostrorum
1855 2205 2011 2238 videlicet

155 2271 302 2315 episcopi
331 2274 362 2303 et
396 2256 527 2315 capituli
556 2270 778 2316 predictorum
810 2273 1014 2317 appensione
1043 2269 1181 2302 fecimus
1211 2271 1417 2301 communiri.
1465 2267 1583 2301 Datum
1615 2265 1823 2299 Lutbomussl
1853 2276 1939 2298 anno
1969 2263 2009 2297 ab

154 2332 389 2363 incarnacione
428 2330 549 2363 domini
588 2331 762 2364 millesimo
801 2333 1035 2364 trecentesimo
1072 2331 1319 2374 septuagesimo
1356 2330 1474 2373 primo,
1521 2326 1665 2360 secunda
1709 2325 1790 2359 feria
1830 2328 1859 2358 in
1897 2324 2008 2368 vigilia

153 2392 333 2423 nativitatis
363 2393 466 2424 sancti
495 2390 656 2424 Johannis
686 2390 833 2437 Baptiste
862 2402 900 2424 ac
931 2392 1073 2423 martiris
1102 2389 1250 2433 gloriosi.

464 2469 596 2502 (Inserirt
619 2470 647 2494 iu
672 2470 733 2495 (lem
758 2470 964 2502 'si-nussuinpte
996 2469 1059 2493 ndo.
1086 2468 1133 2493 2⁴».
1159 2466 1324 2500 September
1351 2467 1440 2492 1381.
1474 2482 1496 2483 j
1530 2465 1594 2490 vid.
1620 2475 1644 2489 ιι.
1672 2465 1727 2489 231
1757 2464 1846 2488 dieses
1872 2461 2009 2499 Ramnes)

1804 2754 1852 2777 To*
