2336 3074
1001 215 1090 269 ¹⁷⁷3]

108 324 229 356 marcis
257 332 453 366 grossorum
484 320 695 354 denariorum
726 324 940 366 pragensium
972 323 1133 354 moravici
1162 322 1290 353 numeri
1320 324 1353 353 et
1380 321 1583 366 pag-amenti,
1621 321 1797 363 sexaginta
1827 321 1968 363 quatuor

107 393 247 428 grossos
276 393 335 428 pro
366 393 477 415 marca
507 381 650 427 qualibet
681 381 915 427 computandQ
945 380 1176 426 quamquidem
1206 383 1380 425 pecuniam
1415 380 1550 414 solvere
1588 382 1807 425 promittimus
1836 378 1966 424 prefato

108 443 240 477 domino
270 442 454 476 marchioni
483 445 513 476 in
543 442 629 476 festo
658 445 763 475 sancti
788 441 983 475 Wenceslai
1004 452 1090 474 nune
1111 443 1263 486 proxime
1293 445 1434 474 venturo
1455 452 1535 486 pura
1557 445 1669 473 nostra
1700 439 1762 473 fide
1792 439 1965 473 insolidum

108 508 140 537 et
168 503 346 547 indivisim,
376 505 610 549 proti-accione
639 501 782 548 qualibet
811 502 927 548 procul
956 507 1055 535 mota.
1086 502 1121 535 In
1160 504 1253 535 cuius
1291 504 1340 535 rei
1378 504 1599 535 testimonium
1638 500 1744 545 sigilla
1784 504 1895 533 nostra
1926 499 1964 533 de

106 568 219 597 nostra
249 566 393 597 sciencia
427 562 501 596 hnic
529 563 624 596 litere
653 567 728 596 sunt
755 574 912 608 appensa.
944 562 1063 595 Datum
1094 561 1253 595 Olomucz
1283 561 1335 594 die
1365 561 1528 594 dominica
1558 563 1709 606 proxima
1739 564 1815 593 ante
1845 560 1963 593 festum

108 623 281 658 beatorum
310 623 448 670 Philippi
478 628 510 657 et
538 622 654 657 Jacobi
684 623 936 669 Apostolorum.

417 702 508 736 (Oa-ig.
534 702 550 727 3
575 702 602 726 h.
628 701 685 735 sig.
711 702 747 727 im
773 701 845 727 Olm.
870 701 1078 727 Stadtarchive.
1104 717 1143 720 —
1168 702 1228 726 Das
1255 701 1358 726 Datum
1383 700 1523 733 uiigefiilir
1546 700 1698 733 bestimmt,
1723 700 1759 724 da
1783 699 1855 724 nach
1885 700 1963 724 isim

519 753 708 779 NVenzeslaus
732 762 788 779 von
808 753 989 787 Rudyschow
1014 753 1056 778 als
1081 753 1206 779 oberster
1222 752 1451 778 Laudschreiber
1474 752 1553 777 nicht
1577 752 1655 777 mehr
1678 752 1806 777 erwfilmt
1829 751 1918 785 wird.)

993 920 1010 955 1
1021 920 1095 955 50.

108 1011 184 1045 Das
213 1012 354 1045 Kloster
386 1012 611 1045 Tisclmowc'tz
648 1011 804 1053 behemot,
834 1011 915 1045 class
951 1023 987 1045 es
1023 1012 1097 1045 [lem
1126 1011 1268 1044 Isloster
1297 1009 1414 1043 Bruels
1444 1010 1520 1042 drez'
1548 1008 1666 1042 Lalme
1695 1010 1725 1041 iu
1758 1008 1971 1052 Isallemlorf

627 1071 785 1116 rerlfauft
813 1071 912 1105 habe.
970 1071 1028 1105 Dt.
1062 1071 1093 1105 Ι.
1125 1071 1201 1105 Μαί
1230 1070 1328 1105 1379
1357 1083 1382 1104 s.
1416 1070 1435 1104 Ι.

262 1148 349 1201 Nos
378 1168 498 1212 Agnes
536 1167 646 1201 divina
683 1167 899 1213 providencia
938 1167 1116 1210 abbatissa7
1154 1167 1253 1201 Anna
1292 1170 1463 1213 priorissa„
1502 1167 1694 1211 Margareta
1729 1166 1963 1211 subpriorissa,

106 1227 276 1262 lVraczka
306 1229 468 1262 celeraria
499 1232 652 1273 totusque
682 1232 867 1261 conventus
898 1231 1090 1261 monasterii
1120 1227 1218 1261 Porte
1249 1228 1311 1261 celi
1340 1231 1371 1261 in
1401 1227 1660 1269 Tuschnawiez,
1681 1227 1805 1260 ordinis
1827 1227 1960 1259 Cister-

106 1288 489 1331 ciensis7010mucensis
510 1288 653 1322 diocesis
674 1292 785 1322 notum
810 1288 948 1322 l'acimus
970 1292 1085 1321 tenore
1105 1291 1317 1333 presencium
1338 1291 1518 1327 universis„
1540 1288 1626 1333 qnod
1647 1290 1756 1321 animo
1777 1286 1961 1320 deliberato

106 1353 301 1394 maturoque
330 1349 468 1383 consilio
496 1348 670 1394 prehabito
700 1349 859 1394 quosdam
889 1354 958 1383 tres
988 1349 1101 1382 laneos
1140 1353 1272 1382 nostros
1301 1351 1332 1382 in
1362 1348 1439 1382 villa
1468 1348 1665 1382 Kalendorff
1690 1347 1892 1381 adiacentes„
1923 1346 1962 1379 ad

106 1413 229 1443 curiam
268 1414 415 1443 nostram
458 1410 662 1443 colonariam
704 1409 825 1443 ibidem
862 1413 956 1444 sitam
992 1410 1033 1443 de
1070 1411 1147 1454 jure
1189 1412 1406 1454 pertinente&
1449 1412 1586 1442 terciam
1628 1408 1792 1441 dimidiam
1833 1418 1962 1440 marcas

105 1481 300 1515 grossorum
330 1475 362 1504 et
390 1474 517 1516 septem
546 1481 686 1514 grossos
715 1473 881 1504 annuatim
911 1473 942 1504 in
981 1470 1108 1504 duobus
1137 1473 1285 1503 terminis
1315 1469 1469 1503 videlicet
1500 1472 1530 1502 in
1561 1468 1699 1509 Georgii
1729 1472 1759 1501 et
1788 1467 1961 1502 Michaelis

105 1535 295 1564 sanctorum
325 1530 418 1564 festis
447 1533 520 1564 veri
549 1535 580 1563 et
610 1530 801 1564 hereditarii
831 1542 951 1565 census
981 1534 1052 1564 sine
1082 1531 1303 1563 diimmicione
1333 1530 1373 1563 de
1398 1531 1474 1573 jure
1495 1533 1694 1563 censuantes
1715 1539 1788 1561 cum
1810 1527 1961 1561 omnibus

105 1595 137 1623 et
165 1591 302 1635 singulis
331 1594 477 1636 ipsorum
503 1591 645 1634 juribus.
676 1591 875 1627 hominibus,
906 1594 1008 1635 agrisqv
1037 1594 1176 1636 praytisq
1199 1593 1295 1623 terris
1325 1590 1420 1623 cultis
1449 1594 1481 1623 et
1509 1590 1651 1627 incultis„
1672 1592 1785 1634 pratis„
1816 1591 1960 1634 pascuis,

104 1650 242 1689 rohons„
272 1654 481 1696 propriisque
512 1654 656 1697 ipsorum
686 1651 840 1684 limitibus
870 1656 901 1684 et
934 1651 1074 1695 gadibus
1112 1654 1289 1695 antiquitus
1319 1650 1479 1684 distinctis
1509 1654 1541 1683 et
1569 1650 1758 1695 specialiter
1787 1653 1819 1682 et
1847 1659 1960 1693 gene—

104 1711 218 1744 raliter
246 1722 319 1744 cum
350 1711 548 1756 quibuslibet
580 1715 725 1757 ipsorum
761 1711 1030 1757 proprietatibus.
1061 1711 1233 1745 fructibus.
1263 1710 1452 1744 utilitatibus
1490 1715 1522 1744 et
1556 1713 1769 1756 pertinenciis
1806 1709 1889 1743 infra
1930 1714 1962 1742 et

104 1782 203 1817 supra
232 1771 367 1805 fundum
398 1775 572 1813 contentis
603 1772 853 1817 quilniscunque
882 1771 1068 1805 nominibus
1098 1776 1298 1805 censeantur
1318 1774 1437 1816 quovis
1467 1771 1564 1804 modo
1585 1771 1625 1804 de
1650 1772 1726 1814 jure
1747 1775 1779 1803 et
1799 1770 1960 1815 legittime

105 1831 144 1865 ad
174 1832 310 1865 eosdem
340 1832 455 1866 laneos
484 1831 709 1878 spectantibus
738 1832 903 1877 plenoque
942 1833 1086 1865 dominio
1116 1835 1146 1865 in
1175 1832 1253 1866 villa
1284 1837 1315 1865 ct
1344 1835 1375 1865 in
1414 1834 1551 1877 campis.
1581 1830 1698 1876 quibus
1728 1831 1845 1864 eadem
1874 1830 1959 1864 bona

104 1892 168 1925 huc
197 1903 301 1937 usque
330 1892 433 1926 libere
464 1897 494 1926 et
532 1893 691 1937 legittime
729 1892 915 1933 habuimus„
945 1896 1108 1926 tenuimus
1144 1897 1176 1925 et
1210 1893 1430 1938 possedimus
1461 1892 1628 1935 religiosis
1665 1896 1696 1925 et
1731 1891 1793 1924 deo
1830 1891 1960 1925 devotis

104 1955 186 1986 viris
215 1952 371 1987 fratribus
400 1952 509 1986 abbati
539 1958 570 1986 et
599 1956 778 1986 conventui
808 1956 1000 1986 monasterii
1036 1953 1194 1987 Lucensis
1224 1953 1348 1986 ordinis
1378 1955 1705 1997 premonstratensis„
1735 1951 1959 1985 olomucensis

105 2013 260 2059 dyocesis
289 2016 373 2047 iusto
403 2014 611 2063 vendicionis
641 2014 731 2046 titulo
762 2025 821 2059 pro
851 2017 984 2058 triginta
1014 2013 1117 2048 tribus
1146 2016 1328 2058 sexagenis
1348 2024 1544 2057 grossorum
1574 2013 1785 2046 denariorum
1806 2023 1959 2057 pragen-

104 2076 188 2108 sium
217 2077 380 2108 moravici
407 2077 538 2107 numeri
567 2079 598 2107 et
626 2077 816 2119 pagamenti
851 2077 916 2108 iam
946 2079 1020 2107 actu
1049 2079 1080 2107 et
1116 2074 1324 2119 integraliter
1352 2073 1447 2107 nobis
1484 2076 1665 2106 numeratis
1705 2077 1736 2105 et
1771 2073 1885 2105 solutis
1921 2083 1959 2105 ac

104 2137 136 2167 in
163 2145 234 2168 rem
263 2134 374 2167 utilem
403 2137 509 2168 nostri
537 2137 731 2168 monasterii
760 2137 881 2170 versis„
910 2138 972 2168 rite
1001 2140 1033 2168 et
1061 2134 1308 2168 racionabiliter
1336 2134 1548 2168 vendidimus
1569 2138 1601 2167 et,
1630 2133 1839 2179 presentibus
1869 2143 1959 2165 ven-

105 2194 189 2228 ditos
231 2194 379 2228 cedimus
417 2199 448 2228 et
486 2198 695 2239 assignamus
737 2198 816 2240 ipsis
853 2196 930 2239 jure
972 2200 1133 2241 perpetuo
1175 2200 1207 2229 et
1248 2195 1516 2229 irrevocabiliter
1557 2194 1731 2231 tenendos
1775 2193 1958 2228 habendos*

103 2254 310 2289 utifruendos
339 2259 371 2288 et
399 2255 618 2300 possidendos
647 2256 758 2300 nilque
782 2257 879 2299 juris.
908 2258 1119 2301 proprietatis
1140 2259 1212 2289 sive
1241 2256 1375 2289 dominii
1396 2255 1490 2289 nobis
1512 2260 1543 2288 et
1563 2254 1815 2289 successoribus
1836 2255 1957 2286 nostris

104 2318 176 2348 sive
205 2318 407 2349 monasterio
436 2320 550 2349 nostro
579 2316 728 2361 predicto
764 2319 794 2349 in
825 2316 949 2349 eisdem
980 2315 1074 2349 bonis
1103 2321 1330 2349 reservantes.
1378 2315 1612 2349 Promittentes
1641 2326 1701 2348 nos
1732 2313 1897 2347 abbatissa
1927 2317 1959 2345 et.

105 2380 289 2409 conventus
318 2376 458 2421 predicti
486 2387 547 2422 per
575 2388 636 2411 nos
665 2381 698 2410 ct
725 2382 870 2412 nostros.
900 2388 939 2410 ac
968 2387 1028 2410 nos
1057 2376 1183 2409 Jenczo
1213 2381 1244 2410 et
1265 2376 1412 2410 Proczco
1434 2376 1555 2410 fratres
1576 2376 1616 2409 de
1637 2376 1804 2417 Lemnia,
1826 2373 1957 2407 Ulricus

104 2435 212 2469 Hecht
240 2435 280 2468 de
309 2435 448 2469 Rossicz
478 2440 509 2470 et
537 2436 704 2482 Philippus
733 2439 914 2470 canonicus
953 2437 1096 2470 ecclesie
1125 2439 1230 2470 sancti
1259 2436 1346 2470 Petri
1375 2440 1406 2470 in
1435 2435 1568 2469 Brnnna
1599 2436 1639 2468 de
1677 2434 1739 2467 side
1778 2439 1889 2467 nostra
1927 2438 1959 2466 et

104 2498 314 2529 consciencia
343 2507 425 2541 pura
454 2499 526 2530 sine
554 2497 630 2530 dolo
659 2497 805 2542 quolibet
833 2508 892 2542 per
920 2508 981 2530 nos
1020 2508 1116 2530 manu
1155 2500 1330 2530 coniuncta
1368 2508 1428 2542 pro
1466 2497 1607 2530 indiviso
1646 2495 1740 2528 dictis
1779 2494 1887 2527 abbati
1926 2498 1955 2527 et

105 2559 283 2589 conventui
312 2556 440 2602 prefata
468 2556 555 2590 hona
585 2569 659 2591 cum
688 2561 834 2603 ipsorum
870 2560 1084 2603 pertinenciis
1113 2557 1153 2591 ab
1191 2556 1467 2603 impeticionibus.
1507 2555 1751 2601 inquietatibus
1780 2554 1889 2587 litibus
1926 2558 1958 2586 et

104 2615 332 2661 questionibus
361 2616 532 2650 cuiuslibet
562 2617 704 2651 hominis
735 2622 767 2651 et
794 2620 1022 2651 universitatis
1050 2617 1219 2660 libertare,
1250 2617 1432 2651 defendere
1452 2622 1482 2650 et
1500 2616 1681 2660 exbrigare
1701 2614 1883 2648 secundum
1900 2615 1956 2657 jus

104 2680 193 2710 terre
222 2676 374 2711 Moravie
403 2681 436 2710 et
464 2678 595 2711 solitum
624 2689 756 2712 cursum
786 2681 857 2712 sine
886 2677 1031 2723 quolibet
1060 2681 1205 2723 ipsorum
1236 2683 1420 2723 emptorum
1450 2677 1592 2722 dampno
1621 2680 1719 2720 atque
1746 2674 1955 2709 detrimenw.

1770 2742 1802 2766 1s
