2336 3074
906 286 917 287 ἶ
948 234 1107 297 νῖΗΥἨ

955 389 1063 425 239.

76 492 182 526 Pabst
213 492 331 526 Urban
370 493 422 527 ΓΙ.
450 494 587 538 fordert
622 494 684 527 [len
715 494 828 528 Ablen
859 495 918 528 (les
949 495 1002 527 ΙΙΙ.
1034 493 1209 527 Hrasliselc
1240 496 1312 537 cml.
1342 494 1397 527 <lie
1426 494 1621 538 Schilclisset·
1659 496 1719 528 der
1760 494 1935 528 Olmntz-er

77 553 206 587 Kirche
236 565 276 587 zea
305 554 503 596 etvnalmen,
533 555 597 588 den
627 555 805 589 ‹lerselhen
842 558 1046 599 zecyc¹l>⁴igytetoe
1076 554 1236 587 Scleaden
1276 554 1618 588 :-araelfzuerstatlen
1649 556 1715 588 mul
1751 567 1846 589 wenta
1882 556 1934 588 sie

75 615 166 648 ‹lessess
195 614 288 647 m'clet
317 614 445 658 (halen,
476 615 649 649 diesele
679 617 737 648 nn't
765 616 838 649 (lem
868 616 990 649 Bmme
1020 627 1060 648 z-ec
1089 615 1240 658 beleyen.
1298 614 1354 648 Dt.
1388 614 1475 648 Rom
1506 616 1565 649 241.
1597 615 1790 649 November·
1821 615 1930 649 1381.

230 689 403 744 Urbanus
433 713 610 756 episcopus
640 722 760 745 servus
789 721 964 745 servorum
995 711 1060 753 (lei,
1090 710 1210 744 dilecto
1249 709 1314 743 filio
1344 709 1453 743 abbati
1482 714 1674 744 monasterii
1704 711 1931 749 Gradicensis,

75 769 308 804 Olomucensis
337 770 492 814 diocesis,
522 771 660 805 salutem
691 776 723 805 et
751 772 967 817 apostolicam
1004 771 1292 804 benediccionem.
1349 769 1585 814 Signifiearimt
1616 771 1710 805 nobis
1739 772 1848 805 dilecti
1878 771 1931 805 lilii

74 830 220 864 decanus
258 835 290 864 et
327 831 504 877 capitulum
534 831 770 875 Olomucense,
800 832 886 877 quod
924 831 1071 865 nonnulli
1109 834 1287 876 iniquitatis
1326 830 1392 867 filii,
1429 842 1512 876 quos
1550 843 1686 877 prorsus
1724 835 1932 877 ignorarunt,

72 890 231 934 decimas,
261 893 441 937 primicias,
471 892 631 935 redditus,
661 903 794 936 census,
824 892 961 935 litteras,
992 892 1114 937 legata,
1145 892 1275 929 domos,
1304 896 1410 937 prata,
1449 903 1585 937 pascua,
1621 903 1771 930 nemora,
1801 895 1930 927 vineas.

72 954 319 997 possessiones,
358 954 447 996 jura,
487 953 758 997 jurisdicciones,
807 955 1041 993 immunitateS,
1094 955 1311 986 instrumenta
1360 952 1502 998 publica,
1547 952 1671 986 litteras
1713 952 1932 991 authenticas,

72 1016 264 1046 sanctorum
292 1012 462 1058 reliquias,
492 1012 594 1047 libros
629 1013 890 1055 ecclesiasticos,
920 1024 1051 1054 cruces,
1082 1013 1204 1047 calices
1233 1017 1427 1057 argenteos,
1458 1018 1654 1046 ornamenta
1692 1014 1933 1056 ecclesiastiea,

73 1083 154 1106 vasa
184 1083 285 1106 aurea
315 1078 347 1107 et
375 1078 550 1118 argentea,
579 1073 741 1107 bonorum
770 1073 936 1115 utensilia,
967 1084 1083 1118 equos,
1113 1085 1249 1117 vaccas,
1280 1085 1375 1113 oves,
1397 1084 1531 1118 porcos„
1552 1076 1766 1119 pecuniarum
1788 1085 1934 1107 summas

72 1136 105 1166 et
133 1133 287 1166 nonnulla
318 1133 379 1167 alia
409 1133 495 1167 bona
524 1136 627 1179 ipsius
656 1133 800 1167 ecclesie
830 1137 957 1167 temere
987 1138 1019 1167 et
1047 1134 1218 1168 maliciose
1256 1134 1426 1167 occultare
1455 1138 1487 1167 et
1522 1134 1641 1167 occulti
1672 1134 1820 1167 detinere
1849 1145 1933 1179 pre-

71 1197 213 1235 sumant,
244 1204 309 1227 non
338 1198 494 1228 curantes
524 1205 562 1227 ea
591 1193 730 1239 prefatis
759 1194 887 1227 decano
917 1198 949 1227 et
978 1194 1121 1240 capitulo
1151 1194 1326 1238 exhibere,
1355 1197 1387 1228 in
1418 1197 1602 1228 animarum
1623 1205 1755 1227 suarum
1784 1194 1932 1240 pericula

72 1257 104 1286 et
133 1253 294 1287 dictorum
324 1254 442 1289 decani
471 1258 503 1288 et
523 1254 656 1300 capituli
684 1265 724 1287 ac
753 1254 897 1288 ecclesie
918 1266 984 1288 non
1005 1255 1170 1288 modicum
1192 1256 1450 1298 incommodum,
1472 1266 1573 1300 super
1593 1266 1657 1300 quo
1678 1255 1763 1288 idem
1786 1255 1931 1288 decanus

71 1317 104 1347 et
132 1314 307 1359 capitulum
338 1314 519 1360 apostolice
548 1314 637 1348 sedis
665 1314 850 1348 remedium
879 1315 1107 1360 implorarunt.
1139 1315 1212 1357 Quo
1242 1318 1331 1349 circa
1362 1316 1561 1349 discrecioni
1587 1319 1640 1348 tuc
1660 1326 1720 1360 per
1748 1315 1929 1360 apostolica

70 1376 193 1420 scripta
222 1374 428 1417 mandamus,
459 1379 621 1420 quatenus
651 1386 766 1409 omnes
803 1375 991 1419 hujusmodi
1020 1376 1170 1409 occultos
1207 1376 1399 1410 detentores
1437 1376 1653 1418 decimarum,
1692 1378 1929 1420 primiciarum.

70 1433 270 1479 legatorum,
298 1435 499 1478 reddituum,
529 1447 689 1469 censuum
719 1440 751 1469 et
779 1436 918 1469 aliorum
957 1447 1073 1469 eorum
1103 1436 1326 1482 predictorum
1366 1447 1410 1470 ex
1447 1440 1541 1481 parte
1578 1440 1691 1469 nostra
1730 1435 1859 1481 publice
1897 1438 1929 1468 in

71 1494 223 1528 ecclesiis
252 1506 365 1529 coram
394 1496 516 1541 populo
546 1507 606 1542 per
635 1500 666 1529 te
694 1496 749 1530 vel
778 1496 875 1529 alium
907 1507 1056 1539 moneas,
1085 1501 1119 1529 ut
1148 1496 1232 1530 infra
1263 1500 1507 1542 competentem
1537 1498 1725 1533 terminum,
1754 1507 1850 1540 quem
1881 1498 1929 1529 eis

71 1554 259 1601 prefixeris,
290 1567 328 1589 ea
357 1556 496 1601 prefatis
525 1556 653 1589 decano
683 1560 715 1589 et
744 1556 885 1602 capitulo
924 1568 941 1589 a
970 1568 1007 1590 se
1037 1555 1145 1590 debita
1184 1559 1357 1590 restituant
1394 1560 1427 1589 et
1463 1555 1616 1589 revelent
1653 1560 1697 1597 et,
1732 1558 1759 1589 si
1794 1555 1825 1589 id
1863 1566 1928 1589 non

70 1615 337 1661 adimpleverint,
367 1616 452 1649 infra
491 1616 589 1649 alium
628 1619 803 1649 terminum
842 1621 1099 1662 competentem,
1130 1627 1227 1661 quem
1263 1619 1311 1650 eis
1349 1616 1389 1650 ad
1427 1616 1492 1650 hoc
1530 1618 1756 1662 peremptorie
1794 1615 1931 1649 duxeris

70 1675 313 1722 prefigendum,
352 1687 396 1710 ex
432 1681 508 1710 tunc
545 1679 577 1710 in
615 1687 673 1710 eos
711 1677 904 1721 generalem
943 1679 1306 1711 exconnnunicacionis
1351 1679 1556 1711 sentenciam
1602 1676 1755 1722 perferas
1791 1681 1822 1709 et
1858 1687 1931 1710 eam

70 1736 187 1780 facias,
216 1736 270 1770 ubi
300 1741 332 1770 et
360 1740 392 1771 in
421 1742 577 1782 quantum
617 1737 778 1783 expedire
807 1737 945 1780 videris,
974 1748 1079 1782 usque
1117 1737 1155 1770 ad
1194 1737 1463 1771 satisfaccionem
1500 1736 1699 1781 condignam
1737 1736 1931 1769 solemniter

68 1796 239 1843 publicari.
270 1797 390 1831 Datum
420 1797 528 1832 Rome
566 1798 652 1844 apud
680 1802 830 1832 sanctum
869 1797 1001 1831 Petrum
1030 1797 1118 1831 VIII.
1150 1796 1309 1831 kalendas
1338 1796 1548 1840 Decembris,
1578 1796 1788 1842 pontificatus
1825 1799 1929 1829 nostri

70 1868 157 1892 anno
186 1862 314 1903 quarto.

380 1937 542 1971 (Absehrift
565 1937 593 1962 in
623 1937 673 1963 der
702 1936 898 1962 Bofiek'schen
930 1936 1095 1970 Saminlung
1119 1946 1145 1961 n.
1179 1936 1261 1961 2782
1293 1936 1330 1961 im
1360 1936 1448 1961 miilir.
1472 1935 1716 1962 Landesarchive.
1762 1935 1822 1960 Das
1847 1934 1926 1968 Orig.

483 1989 591 2014 konnte
614 1989 708 2014 weder
730 1988 759 2013 in
784 1988 837 2014 den
861 1988 957 2014 Akten
981 1988 1030 2014 des
1054 1988 1101 2013 Kl.
1126 1988 1268 2013 IIradisch
1292 1988 1366 2013 noch
1391 1988 1427 2012 ini
1452 1987 1524 2013 olm.
1541 1986 1693 2020 Metropol.
1711 1987 1785 2020 Kap.
1803 1986 1928 2012 Archive

483 2040 626 2074 gefundeu
649 2040 785 2074 werden.)

950 2184 1059 2220 240.

70 2287 178 2322 Pabst
208 2287 326 2322 Urban
362 2288 416 2323 VI.
444 2289 581 2334 fordert
608 2289 663 2322 die
683 2287 849 2333 Bis-chose
879 2299 941 2321 ron
962 2288 1097 2321 Passaa
1125 2288 1194 2321 med
1222 2287 1368 2320 Kraltaec
1397 2290 1460 2320 ete.
1483 2288 1555 2331 auf,
1577 2287 1640 2320 (Ias
1669 2286 1752 2320 Olm.
1782 2285 1926 2330 Kapitel

275 2360 384 2393 qeqen
414 2349 483 2383 alle
513 2349 760 2383 Gewalttlzc'iter
788 2361 830 2382 zu
857 2349 1031 2382 schulz-en.
1088 2348 1146 2382 Dt.
1176 2347 1266 2381 Rom
1295 2347 1353 2381 27.
1385 2346 1576 2380 November
1606 2345 1715 2380 1381.

223 2432 397 2487 Urbanus
426 2456 604 2499 episcopus
633 2464 753 2487 servus
782 2463 959 2487 servorum
988 2452 1052 2485 dei.
1082 2450 1338 2485 Venerabilibus
1368 2449 1524 2484 fratribus
1547 2477 1553 2483 .
1576 2477 1582 2483 .
1613 2449 1803 2483 Pataviensi
1832 2454 1891 2483 et.
1917 2477 1923 2483 .

70 2512 316 2548 cracoviensi.
340 2541 347 2547 .
378 2516 544 2559 episcopis
581 2518 614 2548 et
643 2514 761 2547 dilecto
799 2512 922 2546 filio..
953 2511 1062 2545 abbati
1099 2513 1290 2545 monasterii
1327 2513 1432 2544 sancti
1468 2509 1643 2543 Vincencii
1670 2521 1775 2556 prope
1812 2521 1925 2543 muros

69 2574 341 2608 Wratislaviensi
392 2575 531 2608 salutem
585 2579 617 2608 et
663 2574 880 2620 apostolicam
924 2572 1210 2606 benediccionem.
1258 2570 1408 2605 Militanti
1456 2570 1599 2604 ecclesie
1647 2570 1723 2603 licet
1771 2573 1926 2603 immeriti

70 2634 265 2680 disponente
300 2634 432 2668 domino
470 2634 679 2680 presidentes
717 2637 805 2668 circa
852 2644 964 2667 curam
1011 2632 1228 2665 ecclesiarum
1266 2635 1298 2664 et
1334 2633 1611 2664 monasteriorum
1650 2632 1738 2663 omni
1781 2629 1923 2663 solercia

69 2694 238 2728 reddimur
272 2694 441 2729 indefessa
470 2695 601 2729 solliciti
628 2699 662 2728 ut
690 2697 780 2728 iuxta
818 2693 962 2727 debitum
992 2692 1167 2739 pastoralis
1202 2690 1303 2725 officii
1336 2702 1452 2725 eorum
1491 2701 1706 2724 occurramus
1744 2690 1924 2736 dispendiis

1718 2757 1769 2782 27*
