2336 3074
985 199 1056 233 375

93 305 188 339 bonis
217 303 373 350 operibus
407 307 543 350 cupiens
572 306 763 349 prevenire.
799 308 828 336 ut
869 303 942 345 11115,
981 314 1043 347 que
1081 308 1171 338 racio
1202 308 1233 339 in
1261 306 1387 349 seculo,
1417 308 1532 348 sagaci
1561 309 1761 351 conquisivit
1790 306 1947 340 industria

94 368 201 399 anima
231 376 374 410 corpore
403 370 503 398 exuta
534 367 565 398 in
595 363 773 397 celestibus
803 363 928 396 deliciis
958 364 1164 409 perfruatur:
1196 366 1365 399 voluntate
1385 370 1518 412 propria
1540 371 1570 400 et
1591 366 1677 400 bona
1699 369 1948 411 amicorumque

92 436 226 459 suorum
256 425 396 471 provido
426 425 609 458 accedente
638 424 776 458 consilio
805 434 920 457 amore
949 424 1060 457 divine
1090 425 1321 459 retribucionis
1351 431 1381 459 et
1411 430 1519 460 anime
1557 439 1616 460 sue
1652 427 1693 460 011
1731 427 1870 460 salutem
1909 426 1948 460 ad

93 488 285 519 instanciam
315 497 354 518 ac
384 488 567 531 peticiones
587 485 709 518 domini
729 483 853 518 Matliie
878 484 1039 529 capellani
1060 485 1178 519 nobilis
1199 486 1321 519 domini
1342 487 1524 521 Ilechtonis
1544 487 1699 521 antedicti
1721 490 1751 520 in
1772 490 1949 532 presencia

91 549 194 579 nostri
224 546 355 579 domum
387 546 486 589 illam7
516 557 579 590 que
607 549 679 591 post
711 549 850 578 mortem
880 544 1002 578 domini
1030 544 1203 579 Michaelis
1232 546 1379 580 altariste
1408 552 1598 581 sanctorum
1630 547 1715 581 Petri
1745 552 1777 581 ct
1797 547 1885 581 Pauli
1917 551 1947 581 in

93 606 234 640 ecclesia
264 606 464 651 Muglicensi
493 606 677 651 aliquorum
707 616 806 639 suasu
836 609 867 638 et
896 605 1091 638 induccionc
1129 606 1168 638 ad
1206 618 1320 641 manus
1356 610 1502 653 episcopi
1540 608 1659 653 prefati
1698 608 1853 642 devoluta
1890 609 1949 642 fuit

93 678 132 700 ac
161 666 222 700 51111
250 666 385 700 Jesconi
414 666 500 706 data„
540 669 610 711 ipse
646 668 797 707 1051111111,
837 668 1022 710 resignavit
1055 670 1087 699 et
1116 666 1249 701 donavit
1280 668 1322 701 illi
1352 669 1445 701 altari
1476 672 1720 714 inperpetuum,
1758 669 1857 702 nichil
1887 669 1949 703 sibi

91 729 175 771 juris
205 731 237 761 et
264 729 476 772 proprietatis
505 729 535 760 in
566 738 605 760 ea
634 726 854 770 reservando,
893 729 954 759 nisi
983 726 1069 770 quod
1099 731 1290 761 oracionum
1322 733 1351 761 et
1382 729 1518 762 aliarum
1550 732 1676 774 piarum
1711 733 1946 775 operacionum

92 790 132 821 sit
168 790 346 833 particepS‚
394 798 456 832 que
495 787 653 820 altissimo
691 787 854 831 largiente
893 788 924 819 in
962 786 1059 820 domo
1095 787 1146 820 illa
1184 788 1331 822 altariste
1367 788 1551 823 habitantes
1590 793 1696 834 magis
1733 790 1874 824 comode
1917 795 1949 823 et

94 847 289 893 diligencius
318 851 461 893 poterint
491 850 634 893 operari.
682 846 797 880 Eciain
828 851 859 880 ut
889 847 1038 892 predicto
1067 847 1211 882 ι1050011(-
1250 854 1378 883 mortuo
1415 850 1572 885 attarisia.
1611 853 1664 895 qui
1702 861 1761 895 pro
1799 855 1948 896 tempore

94 908 203 944 fucrit.
243 911 376 953 triginta
407 911 524 942 missas
552 908 642 953 legat
672 911 702 941 in
733 907 915 941 remedium
945 910 1053 940 anime
1083 911 1153 941 eius
1182 909 1325 943 salutare
1355 914 1387 943 et
1424 912 1471 943 sic
1510 914 1668 943 memoria
1709 911 1792 944 illius
1828 913 1949 944 ceteris

95 980 168 1003 cum
199 968 347 1002 fidelibus
377 968 538 1003 habeatur
567 968 610 1002 ibi
638 971 852 1014 sempiterna.
891 968 927 1002 In
957 979 1095 1013 quorum
1128 972 1349 1003 testimonium
1387 974 1418 1003 et
1453 969 1554 1003 robur
1583 975 1742 1016 perpetue
1773 971 1946 1004 valiturum

95 1029 133 1063 ad
164 1032 346 1075 peticiones
375 1029 528 1063 Jesconis
566 1028 706 1074 sepefati
744 1033 772 1062 et
812 1029 935 1062 domini
971 1028 1096 1063 Mathie
1131 1030 1242 1063 altaris
1281 1030 1364 1063 illius
1402 1035 1477 1063 tunc
1516 1033 1653 1063 ministri
1691 1031 1797 1075 sigilla
1836 1036 1948 1065 nostra

94 1089 303 1136 presentibus
333 1089 559 1135 appendimus.
607 1090 706 1123 Anno
746 1089 868 1123 domini
904 1090 1076 1123 millesimo
1107 1093 1341 1123 trecentesimo
1380 1093 1587 1135 octogesimo
1626 1094 1778 1136 septimo.
1827 1091 1946 1125 Datum

93 1155 125 1184 et
160 1155 267 1183 actum
306 1153 337 1183 in
375 1152 509 1184 civitate
545 1149 689 1194 Muglicz
726 1153 876 1195 proxima
912 1150 994 1184 feria
1031 1153 1140 1196 quinta
1179 1155 1249 1196 post
1284 1151 1418 1196 pascha.
1475 1150 1522 1184 Ibi
1558 1162 1674 1185 omues
1712 1162 1772 1185 1105
1811 1156 1948 1197 pretacti

93 1210 233 1244 afuimus
260 1210 418 1256 quasdam
449 1221 567 1244 causas
595 1214 766 1244 vertentes
787 1213 872 1244 inter
892 1210 1058 1245 dominum
1080 1211 1287 1245 Hechtonein
1309 1216 1338 1245 et
1361 1211 1527 1245 dominum
1548 1211 1729 1245 Henricuin
1751 1212 1949 1246 Laczenbok

94 1274 124 1305 in
155 1274 295 1305 termino
325 1271 520 1305 decidendo.

396 1350 484 1384 (Orig.
499 1351 579 1384 Perg.
594 1360 628 1375 an
641 1351 768 1384 Pergam.
783 1350 904 1375 Streifen
923 1351 950 1377 li,
969 1351 984 1375 4
1004 1350 1070 1384 Sig.
1090 1351 1139 1375 dns
1155 1352 1181 1375 51.
1195 1351 1367 1383 abgerissen.
1385 1351 1420 1376 im
1438 1351 1587 1377 fiirsterzl).
1603 1352 1725 1377 Archive
1740 1352 1767 1376 in
1783 1352 1949 1386 Kremsier.)

976 1496 1081 1530 4⁶21.

98 1599 213 1633 Ulricle
244 1610 305 1633 con
329 1598 461 1633 Lebnoz·
491 1603 553 1633 etc.
585 1599 770 1633 belfetmen.
801 1600 871 1632 (lem
892 1599 1002 1633 Jnden
1026 1599 1136 1633 Renes·
1165 1611 1228 1632 aas
1250 1599 1361 1633 Jla‘hr.
1395 1599 1564 1633 Xeetstmlt
1595 1598 1641 1632 18
1664 1599 1766 1633 Marh·
1794 1601 1948 1645 sclmldiq

668 1673 706 1693 sn
735 1662 819 1694 sein.
853 1660 909 1694 Dt.
944 1659 999 1694 12.
1032 1660 1135 1704 April
1165 1659 1273 1693 1387.
1304 1672 1328 1693 s,
1359 1660 1378 1693 l.

249 1737 336 1791 Ros
372 1757 503 1791 Ulricus
542 1758 582 1790 de
619 1756 779 1790 Lebnaw.
826 1756 975 1790 Zachars
1013 1757 1052 1789 de
1087 1756 1228 1790 Zhebtat
1262 1761 1294 1789 et
1332 1756 1523 1802 Gyndrzicli
1567 1757 1608 1790 de
1646 1757 1949 1791 Drzewohosczicz

95 1820 371 1861 recognoscimus
409 1822 439 1851 et
478 1817 620 1851 fatemur
658 1822 773 1851 tenore
808 1820 1016 1863 presencium
1057 1820 1233 1860 universis,
1281 1828 1341 1851 nos
1378 1820 1483 1850 teneri
1520 1820 1582 1851 rite
1625 1822 1657 1851 et
1700 1817 1947 1851 racionabiliter

95 1877 235 1922 obligari
265 1878 405 1923 provido
426 1877 614 1911 Benescliio
644 1878 740 1911 iudeo
761 1877 1005 1911 Novecivitatis
1034 1876 1257 1914 inhabitatori.
1286 1881 1384 1911 uxori
1413 1883 1445 1911 et
1473 1877 1652 1911 heredibus
1682 1880 1752 1911 eius
1781 1878 1947 1911 indecem

96 1942 128 1971 et
158 1943 232 1972 octo
263 1941 383 1972 marcis
412 1949 608 1983 grossorum
637 1941 851 1984 pragensium
883 1938 1092 1971 denariorum
1123 1941 1283 1971 moravici
1313 1941 1440 1972 numeri
1469 1942 1501 1971 et
1527 1941 1730 1983 pagamenti„
1769 1949 1832 1982 que
1861 1943 1949 1971 stare

94 1997 215 2032 debent
243 1997 368 2043 absque
398 2001 486 2032 omni
516 2010 615 2032 usura
644 2010 748 2043 usque
777 1999 816 2032 ad
846 2001 1032 2044 proximum
1063 2001 1167 2031 sancti
1195 1997 1311 2031 Jacobi
1341 1998 1480 2044 apostoli
1510 2000 1644 2031 maioris
1665 1997 1794 2031 festum.
1824 1998 1859 2031 In
1885 2010 1949 2043 quo

95 2057 180 2092 festo
209 2061 236 2092 51
265 2061 438 2104 pecuniam
468 2058 653 2092 huiusmodi
683 2070 748 2092 non
777 2059 999 2099 solveremus,
1038 2062 1159 2091 extunc
1188 2070 1272 2091 unus
1300 2070 1440 2103 grossus
1469 2069 1569 2092 usure
1606 2061 1740 2091 nomine
1778 2058 1950 2092 debebitur

96 2129 196 2164 super
225 2117 403 2164 quamlibet
431 2129 576 2152 marcam
607 2122 799 2164 septimanis
828 2119 966 2164 singulis
996 2123 1027 2152 et
1056 2130 1274 2164 quancunque
1305 2121 1374 2164 ipse
1403 2118 1610 2152 Beneschius
1648 2118 1763 2152 iudeus
1801 2122 1949 2164 pecuniis

94 2181 161 2213 suis
190 2190 308 2212 carere
338 2179 479 2213 noluerit
507 2183 562 2212 aut
590 2190 655 2213 non
685 2183 804 2226 poterit
833 2180 898 2213 ullo
929 2179 1038 2213 modo.
1077 2182 1184 2213 statim
1221 2190 1282 2212 1105
1320 2179 1498 2224 supradicti
1533 2178 1700 2212 debitores
1730 2182 1949 2224 promittimus

93 2241 215 2273 virtute
244 2242 454 2285 presencium
484 2243 516 2273 in
545 2240 685 2274 solidum
717 2252 814 2274 manu
843 2243 1017 2274 coniuncta
1046 2242 1117 2272 sine
1147 2239 1221 2272 dolo
1251 2239 1394 2284 quolibet
1430 2239 1515 2272 malo
1554 2250 1618 2272 una
1657 2251 1731 2273 011111
1771 2239 1949 2273 heredibus

93 2302 215 2333 nostris
243 2311 282 2333 ac
311 2299 405 2334 bonis
435 2304 558 2335 nostris
588 2300 762 2335 mobilibus
791 2306 821 2334 et
852 2299 1071 2334 immobilibus
1100 2302 1266 2333 universis
1296 2299 1415 2333 dictam
1451 2302 1624 2345 pecuniam
1663 2300 1837 2344 capitalem
1876 2311 1949 2333 cum

95 2362 166 2393 eius
194 2371 294 2393 usura
323 2359 384 2393 51111
413 2360 601 2394 Beneschio
630 2361 728 2395 iudeo
757 2361 837 2395 dare
867 2365 896 2394 et
927 2360 1061 2394 solvere
1091 2362 1179 2393 011101
1208 2362 1386 2393 occasione
1416 2359 1531 2405 procul
1560 2364 1659 2392 mota.
1700 2359 1794 2400 Quod
1829 2363 1855 2394 si
1885 2371 1949 2394 non

94 2419 295 2463 faceremus,
342 2431 420 2454 mox
458 2432 541 2454 unus
580 2432 623 2454 ex
661 2420 766 2455 nobis.
814 2424 1000 2466 quicunque
1040 2423 1180 2454 monitus
1218 2420 1318 2453 fuerit
1359 2431 1418 2465 per
1454 2422 1558 2465 ipsum
1594 2419 1738 2462 iudeum‚
1786 2420 1950 2454 tenebitur

93 2479 280 2524 obstagium
318 2479 462 2514 debitum
499 2485 530 2514 et
569 2486 762 2515 consuetum
801 2492 875 2514 cum
912 2492 975 2514 uno
1014 2491 1115 2514 servo
1154 2484 1185 2513 et
1219 2479 1346 2513 duobus
1376 2482 1470 2525 equis
1499 2482 1530 2513 in
1560 2482 1694 2513 civitate
1725 2479 1889 2514 Uniczow
1918 2484 1950 2514 in

93 2551 156 2573 una
185 2539 284 2573 domo
314 2539 465 2584 honesta,
504 2552 600 2586 quam
630 2541 786 2587 specifice
815 2542 1025 2587 deputaverit
1053 2540 1160 2583 nobis,
1198 2539 1395 2583 observare„
1434 2541 1508 2574 inde
1538 2540 1624 2574 nulla
1655 2544 1836 2575 occasione
1865 2553 1949 2588 pre-

94 2599 204 2634 habita
234 2603 366 2638 exituri,
397 2601 503 2635 donec
531 2601 592 2635 sibi
622 2602 810 2636 Benescliio
840 2602 936 2635 iudeo
966 2606 997 2635 et
1026 2600 1204 2634 heredibus
1234 2603 1305 2634 eius
1334 2604 1507 2647 pecuniam
1539 2613 1653 2635 eorum
1675 2602 1847 2648 capitalem
1875 2614 1949 2636 cum

95 2660 245 2694 omnibus
288 2663 395 2695 usuris
438 2661 581 2707 desuper
624 2665 766 2696 acci-etis
804 2662 1003 2696 solverimus
1046 2662 1252 2706 integraliter
1294 2666 1326 2695 et
1363 2673 1406 2696 ex
1445 2667 1523 2696 toto.
1580 2663 1706 2697 Damus
1747 2663 1809 2698 sibi
1844 2667 1948 2697 eciam
