2336 3074
979 188 1047 222 301

968 362 1077 397 3:30.

151 466 341 511 Marhyraf
363 465 498 511 Prohop
531 465 673 500 cerleiht
701 466 774 499 (lem
804 465 973 499 Niliolans
1002 465 1152 500 JIoraca
1182 468 1267 499 zwei
1295 466 1385 511 Hafe
1414 469 1481 512 (ulf
1504 468 1625 501 dassen
1657 466 1870 500 Lebenszeit.

747 526 805 560 Dt.
837 526 957 560 Bre't'tm
988 526 1047 561 15.
1077 526 1152 560 Jnle‘
1180 526 1290 561 1384.

244 603 449 669 procopius
479 623 531 656 dei
559 625 674 667 gracia
711 622 860 656 marchio
889 622 1055 666 Moravie7
1091 622 1211 656 idoneo
1248 633 1287 655 ac
1325 622 1466 667 provido
1501 622 1641 656 Nicolao
1679 622 1766 655 dicto
1794 621 1949 656 Morawa

86 685 127 718 de
157 684 373 718 Othoslavicz
402 687 524 718 sinceri
554 684 691 717 affectus
727 683 1019 729 promptitudinem
1057 694 1132 716 cum
1161 682 1292 717 favore.
1323 682 1467 715 Provide
1496 682 1648 717 Morawa
1678 683 1809 716 dilecte.
1866 681 1948 715 Cum

87 750 119 779 te
148 749 225 791 aput
253 756 313 779 nos
344 745 443 778 talem
472 747 534 778 tuis
563 744 732 789 obsequiis
762 743 940 777 exhibuisti
970 747 1139 777 continuo.
1161 748 1195 776 ut
1224 747 1254 776 te
1284 742 1557 789 promocionibus
1585 746 1762 787 generosis
1791 744 1951 788 prosequi

87 808 206 840 merito
236 805 428 847 debeamus„
459 805 515 839 tibi
545 805 625 839 duas
655 807 764 838 curias
794 804 965 837 allodiales
995 815 1069 837 cum
1098 807 1212 849 pratis„
1242 806 1388 849 pascuiS,
1419 804 1523 840 silvis
1545 806 1692 849 piscinis,
1721 805 1897 849 piscaturis
1919 806 1952 836 et

87 866 160 900 aliis
189 865 389 911 quibuslibet
418 865 620 908 utilitatibus,
650 864 763 898 usibus
793 868 824 898 et
856 867 1071 910 pertinenciis
1101 866 1269 898 universis
1299 864 1459 897 duntaxat
1488 864 1527 897 ad
1558 868 1708 909 tempora
1738 866 1806 898 vite
1836 868 1889 897 tue
1919 866 1950 896 iil

88 929 178 960 omni
207 926 305 959 modo
335 930 367 959 et
395 926 514 959 fornia.
536 930 633 971 prout
662 924 717 958 tibi
747 924 851 958 frater
871 929 985 958 noster
1005 928 1118 958 senior
1139 925 1272 958 illustris
1293 924 1445 957 dominus
1465 924 1612 957 Jodocus
1631 924 1784 958 Moravie
1801 923 1950 957 marchio

88 987 223 1021 easdem
266 989 376 1020 curias
419 997 463 1020 ex
499 988 614 1031 gracia
652 988 819 1030 erogavit,
857 985 984 1027 damus
1024 985 1246 1018 conferrimus
1290 986 1413 1018 virtute
1452 987 1663 1030 presencium
1707 989 1739 1018 et
1776 985 1948 1017 donamus.

87 1047 301 1081 Presencium
332 1046 392 1081 sub
421 1058 568 1092 appenso
607 1051 722 1080 nostro
760 1046 868 1090 sigillo
905 1049 1094 1079 testimonio
1133 1046 1315 1079 literarum.
1373 1044 1493 1078 Datum
1530 1044 1665 1078 Brunne
1703 1056 1789 1078 anno
1828 1044 1951 1077 domini

88 1108 263 1142 millesimo
293 1110 529 1141 trecentesimo
559 1109 768 1151 octogesimo
798 1111 927 1151 quarto,
950 1106 1032 1139 feria
1059 1111 1155 1140 sexta
1176 1109 1329 1151 proxima
1350 1110 1424 1151 post
1445 1105 1565 1138 festum
1586 1109 1701 1138 sancte
1721 1104 1950 1148 Margarethe.

399 1190 491 1232 (Orig.
516 1195 566 1228 Pg.
599 1194 635 1219 im
667 1193 694 1219 k.
724 1193 752 1221 k.
783 1193 849 1227 geh.
882 1194 986 1225 Hans·v
1018 1193 1087 1219 Hof-
1119 1193 1177 1218 und
1209 1192 1422 1219 Staatsarchive
1453 1192 1481 1217 in
1505 1192 1601 1227 VVien,
1634 1191 1682 1216 mit
1714 1191 1844 1216 ziemlieh
1877 1190 1951 1216 wohl

503 1246 677 1271 erhalteuem
702 1245 795 1279 Siegel
826 1254 861 1270 an
891 1254 970 1279 perg.
994 1245 1103 1271 Kordel
1134 1245 1277 1279 luingend,
1304 1253 1339 1269 au
1372 1244 1421 1269 der
1453 1244 1614 1269 ausserdem
1646 1244 1691 1268 ein
1724 1243 1805 1276 Perg.
1830 1242 1952 1268 Streifen

502 1297 637 1332 befestigt
660 1297 705 1329 ist,
731 1297 782 1322 auf
796 1297 932 1323 welchem
957 1298 1002 1323 die
1018 1297 1119 1323 XYorte
1137 1305 1171 1321 zu
1195 1296 1274 1322 lesen
1298 1296 1377 1321 siud:
1405 1296 1467 1330 „De
1492 1295 1602 1320 duabus
1627 1295 1712 1320 curiis
1736 1295 1764 1319 in
1789 1294 1948 1328 Paionynf

971 1494 1078 1529 331.

90 1598 167 1633 Der
195 1597 379 1632 Stadtrath
410 1609 473 1631 ron
504 1597 623 1631 Brilnn
660 1597 804 1631 verleiht
833 1598 904 1631 dem
935 1597 1090 1631 Priester
1117 1597 1256 1631 Johamz
1297 1608 1359 1630 ron
1392 1596 1521 1640 Oppeln
1558 1596 1622 1629 das
1651 1595 1863 1639 Beneficium
1899 1593 1954 1627 bei

446 1659 507 1692 der
535 1657 789 1703 sz'tallsapelle
818 1658 874 1692 bei
900 1657 952 1692 St.
984 1657 1119 1703 Stefau.
1165 1657 1222 1690 Dc.
1256 1656 1288 1690 1.
1319 1656 1456 1700 Auyust
1486 1655 1596 1689 1384.

246 1733 335 1787 Ros
365 1756 525 1798 magister
554 1756 677 1788 civium
707 1758 738 1787 et
763 1754 864 1798 jurati
893 1753 1048 1786 consules
1077 1753 1294 1786 Brunnenses
1324 1756 1437 1785 notum
1476 1751 1616 1785 facimus
1654 1753 1834 1793 universis,
1865 1749 1953 1796 quod

90 1826 152 1849 nos
193 1814 402 1848 attendentes
440 1825 523 1860 pure
561 1814 757 1849 devocionis
799 1816 1026 1848 constanciam
1065 1825 1105 1847 ac
1151 1812 1260 1846 debite
1299 1812 1463 1846 fidelitatis
1502 1811 1674 1857 obsequia,
1704 1810 1821 1856 quibus
1858 1810 1953 1844 nobis

91 1876 254 1910 discretus
283 1875 436 1909 dominus
465 1874 636 1909 Johannes
665 1874 844 1921 presbyter
873 1874 913 1908 de
943 1874 1040 1920 Opull
1068 1873 1361 1907 XVratislaviensis
1391 1872 1535 1906 diocesis
1564 1872 1763 1917 complacuit
1792 1875 1824 1905 et
1853 1882 1953 1904 com-

89 1936 226 1982 placere
254 1938 376 1982 poterit
395 1938 604 1981 prestancius
632 1938 665 1968 in
694 1934 851 1977 futurum,
872 1934 933 1968 sibi
954 1933 1106 1968 manuale
1126 1938 1276 1967 nostrum
1297 1932 1495 1966 beneficium
1517 1932 1644 1977 capelle
1665 1934 1771 1966 sancti
1791 1931 1955 1977 Stephani

90 1996 262 2042 hospitalis
305 1995 510 2030 infirmorum
550 2000 740 2029 nostrorum
783 1998 814 2029 in
857 1994 1008 2038 Schutta,
1048 1997 1140 2028 cuius
1178 1993 1317 2027 collacio
1353 1993 1393 2026 ad
1431 2004 1493 2027 nos
1530 1993 1628 2038 pleno
1664 1995 1736 2026 iure
1772 1992 1955 2026 dinoscitur

90 2056 309 2103 (pertinere),
338 2059 371 2090 in
400 2056 453 2090 dei
481 2059 615 2089 nomine
644 2055 849 2090 conferimus
878 2067 917 2090 ac
945 2059 1052 2102 ipsum
1082 2055 1123 2089 ad
1152 2054 1291 2088 eandem
1321 2054 1483 2100 capellam
1513 2053 1760 2088 confirmamus.
1791 2053 1953 2087 Volentes

89 2128 151 2163 pro
179 2116 275 2151 nobis
305 2121 337 2150 et
365 2115 620 2150 successoribus
649 2119 785 2160 nostris,
815 2116 901 2162 quod
939 2119 1011 2162 ipse
1041 2117 1192 2150 dominus
1220 2114 1392 2148 Johannes
1421 2117 1510 2148 omni
1540 2125 1580 2148 eo
1620 2118 1782 2159 tempore,
1813 2124 1877 2159 quo
1917 2124 1953 2146 se

90 2176 299 2211 landabiliter
335 2181 367 2210 et
401 2179 563 2210 canonice
601 2179 632 2210 in
670 2179 739 2210 vita
775 2181 807 2210 et
844 2176 1020 2211 honestate
1058 2176 1256 2210 clericorum
1294 2178 1433 2219 rexerit,
1472 2175 1612 2208 eandem
1649 2174 1811 2220 capellam
1849 2176 1955 2207 sancti

93 2237 254 2283 Stephani
282 2249 406 2282 regere
443 2237 563 2271 debeat
600 2248 639 2270 ac
677 2237 788 2271 divina
825 2237 946 2271 ibidem
983 2236 1158 2271 celebrare
1196 2240 1227 2269 et
1263 2238 1452 2269 ministrare
1489 2234 1628 2268 infirmis
1664 2239 1695 2267 et
1733 2233 1954 2268 servitoribus

91 2301 194 2344 ipsius
223 2297 406 2344 hospitalis7
437 2302 470 2331 ut
498 2297 638 2341 fructus,
667 2298 836 2341 utilitates,
866 2297 1096 2332 obvenciones
1126 2301 1158 2330 et
1195 2296 1418 2330 emolumenta
1457 2296 1606 2329 eiusdem
1642 2295 1683 2328 ad
1721 2299 1888 2328 rectorem
1923 2298 1955 2327 et

92 2358 268 2392 ecclesiam
298 2361 401 2404 ipsam
432 2357 592 2392 duntaxat
620 2363 810 2404 spectantes
848 2361 1024 2404 percipere
1062 2357 1174 2391 valeat
1207 2356 1306 2402 pleno
1338 2358 1414 2400 jure
1449 2359 1533 2390 sicut
1570 2358 1602 2389 in
1639 2355 1709 2389 aliis
1749 2354 1954 2389 manualibus

89 2418 262 2453 beneficiis
303 2417 416 2452 liberis
459 2417 531 2452 fieri
572 2423 622 2453 est
664 2423 872 2453 consuetum.
927 2419 1143 2453 Presencium
1182 2416 1242 2451 sub
1285 2420 1400 2450 nostre
1442 2418 1585 2450 civitatis
1621 2415 1730 2460 sigillo
1766 2418 1955 2450 testimonio

90 2479 273 2513 literarum.
328 2479 450 2512 Datum
487 2489 574 2512 anno
610 2479 732 2513 domini
771 2476 1136 2514 MOCCCOLxxXllllO
1172 2477 1255 2511 feria
1294 2477 1334 2511 ΙΙ.
1378 2480 1531 2523 proxima
1570 2481 1644 2523 post
1688 2476 1807 2510 festum
1851 2479 1957 2510 sancti

92 2538 210 2573 Jacobi
238 2539 390 2585 apostoli.

404 2618 477 2653 (Ans
501 2618 563 2644 dem
588 2618 684 2645 Codex
709 2628 736 2646 ιι.
762 2619 800 2644 34
825 2618 874 2646 fol.
900 2619 939 2647 64
965 2619 1001 2644 im
1026 2618 1156 2643 Briinuer
1179 2616 1401 2650 Stadtarchive.)
