2336 3074
459 447 644 489 Jlorlsgsrns
667 445 778 478 ,ΙυιΙυΙῑ
807 445 1004 489 lwsla'lliyet
1033 446 1105 479 alem
1139 446 1279 480 li'lostet·
1311 447 1425 480 Brea-l.-
1455 447 1523 480 ulle
1555 446 1762 490 l'rt're'leyien
1792 448 1908 481 seiuer
1947 446 2157 491 l'orffl'iufser.

1034 506 1092 540 Dt.
1125 507 1246 540 Znai'm
1281 507 1335 542 ΙΙ,
1366 508 1451 541 ,Ιηηῖ
1483 507 1588 542 1:379.

531 582 699 634 Jodoens
729 601 780 634 dei
810 605 925 639 erm-ta
957 602 1105 636 marchio
1135 607 1164 635 et
1205 603 1357 636 dominus
1386 603 1539 637 Moravie
1569 609 1680 638 notum
1712 604 1851 638 l'acimus
1881 608 1997 637 tenore
2027 606 2238 649 presencium

378 666 553 695 universis.
612 663 647 695 Si
681 662 898 707 quorumlibet
930 662 1135 696 subditorum
1175 668 1363 697 nostrormn
1398 664 1583 709 amplianda
1613 669 1688 698 sunt
1717 665 1856 698 comoda
1887 669 1919 698 cl.
1947 667 1973 698 si
2013 664 2052 697 ad
2093 667 2238 710 ipsorum

377 723 604 768 procui-amlos
635 722 781 756 bonores
811 727 841 756 et
872 723 1041 768 profectus
1080 734 1121 756 ex
1152 722 1262 757 debito
1300 724 1399 757 ollicii
1438 727 1540 758 nostri
1580 725 1752 758 intendere
1790 725 2007 767 advertimus,
2037 724 2239 769 singularius

377 789 485 816 tamen
516 783 643 816 illorum
675 783 857 828 profectus.
888 783 1027 816 comoda
1067 788 1096 816 et
1137 783 1283 817 bonores
1321 784 1499 829 diligimus,
1529 787 1583 830 qui
1622 785 1731 818 mundi
1769 788 1915 819 vanitate
1951 790 2139 831 contempta
2178 784 2238 819 sub

377 843 487 877 debite
516 844 688 880 religionis
718 843 846 877 bonore
876 847 1092 889 omnipotenti
1122 844 1184 877 deo
1215 844 1352 877 militant
1381 849 1413 878 et
1442 844 1610 879 indefesse
1640 848 1807 879 oracionis
1844 846 1951 880 studio
1991 849 2062 880 cius
2100 847 2238 879 miscri-

377 904 522 937 cordiam
555 907 723 939 invocant.
756 907 784 937 in
816 907 908 937 euius
947 916 1043 937 manu
1074 904 1162 937 salus
1192 907 1336 938 oninium
1375 908 1436 938 rite
1471 908 1633 941 consistit.
1664 909 1717 951 qui
1756 917 1877 948 magna
1917 909 2037 940 virtute
2074 910 2169 940 sanat
2207 910 2240 940 ct

378 968 515 1010 pereutit
547 969 576 998 et
608 968 638 998 in
668 977 704 998 se
725 970 898 1011 sperantes
919 965 1006 998 nullo
1034 965 1132 997 modo
1162 964 1346 1010 dereliquit.
1379 965 1469 999 Sane
1499 969 1529 999 in
1559 969 1662 999 nostri
1693 969 1888 1000 constitutus
1917 969 2091 1012 presencia
2122 978 2238 1000 vene-

377 1026 488 1059 rabilis
519 1030 547 1059 et
579 1026 756 1063 religiosus
781 1053 816 1059 ..
847 1025 949 1058 abbas
986 1028 1178 1059 minuisti-rii
1208 1025 1380 1063 Lucensis,
1411 1026 1535 1059 ordinis
1573 1029 1888 1072 premonstratcnsis
1918 1026 2011 1060 nobis
2041 1027 2240 1073 supplicavit

378 1090 538 1120 instancia
578 1087 737 1130 diligenti.
775 1091 804 1119 ut
845 1087 1032 1132 privilegia
1072 1085 1254 1129 libertates,
1291 1089 1535 1121 emmunitatcs.
1574 1087 1695 1120 indulta
1735 1091 1767 1120 et
1804 1087 2062 1121 consuetudines
2104 1087 2165 1121 sibi
2207 1091 2240 1121 ct

377 1150 579 1180 monasterio
609 1158 668 1181 suo
699 1147 838 1180 Lucensi
868 1158 1030 1180 concessa
1060 1151 1089 1180 et
1121 1158 1313 1184 concessas
1345 1147 1419 1181 data
1449 1152 1480 1181 et
1509 1148 1614 1187 datas,
1644 1152 1778 1182 servata
1816 1152 1849 1181 et
1876 1152 2030 1182 servatas
2060 1150 2235 1191 innovare,

378 1208 542 1240 ratilicare
573 1212 604 1240 et.
633 1208 832 1241 contii-mare
863 1207 1088 1248 dignaremur.
1130 1207 1198 1241 Nos
1228 1210 1328 1249 igitur
1356 1209 1504 1242 eiusdem
1528 1236 1534 1242 .
1559 1236 1565 1242 .
1595 1208 1723 1241 abbatis
1752 1207 1907 1254 precibus
1945 1209 2044 1242 velud
2084 1211 2177 1243 iustis
2206 1213 2240 1242 ct

378 1267 633 1301 racionabilibus
665 1267 893 1300 lavorabiliter
922 1267 1066 1301 inclinati
1101 1270 1259 1302 universa
1289 1273 1321 1302 et
1359 1269 1488 1313 singula
1522 1269 1711 1315 privilegia.
1742 1268 1924 1307 libertates,
1950 1270 2039 1313 jura„
2069 1271 2239 1302 emmuni-

378 1333 460 1361 tates
490 1333 518 1361 et
550 1328 670 1361 indulta
700 1339 759 1373 per
788 1328 864 1361 dive
894 1329 1143 1362 recordacionis
1180 1340 1279 1372 reges
1310 1329 1447 1363 Boemie
1476 1334 1509 1363 et
1537 1329 1748 1363 marchiones
1787 1329 1940 1363 Moravie
1978 1329 2240 1375 predecessores

377 1394 509 1422 nostros
539 1393 741 1422 monasterio
772 1389 900 1435 prel'ato
930 1400 1092 1422 concessa
1123 1394 1153 1422 et
1184 1389 1271 1427 data„
1301 1401 1483 1424 concessas
1519 1395 1551 1423 et
1580 1390 1672 1423 datas
1701 1401 1832 1424 necnon
1869 1389 2051 1424 laudabiles
2089 1401 2240 1423 consuc-

379 1450 506 1483 tudines
536 1450 619 1495 apud
650 1450 735 1482 idem
767 1453 1002 1483 monasterium
1040 1453 1178 1495 eiusque
1212 1462 1387 1496 personas*
1424 1451 1588 1492 homines,
1617 1454 1851 1497 possessiones
1888 1455 1921 1484 ct
1958 1450 2043 1484 bona
2079 1450 2240 1484 hactenus

379 1510 576 1543 observatas
606 1513 635 1543 in
666 1515 733 1543 toto
764 1515 793 1543 et
824 1512 854 1543 in
884 1514 978 1555 parte
1008 1513 1057 1543 sui
1087 1510 1231 1555 qualibet
1267 1511 1479 1551 ratificamusq
1509 1515 1720 1551 innovamus„
1750 1511 1972 1557 approbamus
2008 1516 2040 1545 et
2075 1513 2240 1557 presentis

378 1574 490 1616 scripti
521 1574 704 1616 patrocinio
734 1570 970 1604 contii-mannis
1000 1571 1040 1604 ab
1079 1571 1230 1606 omnibus
1260 1577 1292 1605 et
1321 1573 1459 1617 singulis
1496 1572 1665 1615 nobilium,
1695 1572 1869 1615 baronium
1894 1573 2055 1616 judicum,
2080 1573 2240 1616 justicia-

380 1634 514 1664 riorum.
559 1630 840 1675 lnire‘ffraviorum
885 1635 915 1664 et
958 1631 1146 1665 officialium
1190 1637 1378 1666 nostrorum
1423 1632 1644 1678 quorumlibet
1681 1632 1988 1676 jurisdiccionibus,
2033 1631 2239 1674 daciombus7

379 1691 588 1724 iussionibus.
610 1691 772 1724 mandatis
802 1696 831 1724 et
853 1695 1020 1737 preceptis
1041 1691 1240 1737 quibuslibet
1260 1693 1484 1739 supradictum
1508 1721 1514 1727 .
1538 1721 1545 1727 .
1576 1693 1742 1737 abbatem,
1764 1696 1834 1727 eius
1855 1695 2092 1727 n‘ionasterium
2109 1703 2240 1726 necnon

381 1751 530 1784 homines
559 1756 588 1784 et
619 1751 768 1785 subditos
798 1752 945 1785 eiusdem
976 1756 1169 1786 monasterii
1198 1756 1321 1787 virtute
1359 1757 1571 1799 presencium
1601 1757 1777 1788 eximimus
1815 1758 1848 1787 ct
1884 1758 1999 1787 nostre
2037 1755 2171 1787 tuicioni
2209 1758 2243 1786 et

380 1823 513 1844 camere
542 1812 749 1845 solummodo
786 1823 1014 1849 reservamus
1045 1813 1198 1847 volentes
1227 1818 1260 1847 ut
1289 1817 1368 1859 ipsis
1398 1825 1463 1847 non
1493 1819 1631 1859 pareant
1668 1825 1731 1847 nec
1768 1813 1925 1847 obediant
1962 1817 1993 1847 in
2030 1813 2152 1859 aliquo,
2181 1813 2239 1847 sed

381 1875 411 1905 in
441 1872 590 1905 omnibus
620 1873 760 1917 agendis
790 1877 819 1906 et
850 1876 959 1907 causis
989 1877 1135 1919 ipsorum
1165 1874 1204 1907 ad
1235 1885 1296 1908 nos
1324 1879 1497 1908 recurrant
1529 1875 1686 1908 decetero
1706 1875 1762 1908 vel
1790 1874 1830 1907 ad
1860 1874 1959 1915 hunc„
1989 1885 2086 1919 quem
2116 1874 2155 1907 ad
2176 1873 2241 1907 hoc

381 1933 572 1965 duxerimus
608 1933 841 1978 deputandum.
886 1933 1130 1970 Doccrnentes.
1167 1938 1201 1967 ut
1235 1934 1276 1967 de
1312 1934 1408 1968 bonis
1446 1935 1650 1969 subditorum
1689 1935 2013 1980 supradictorum..
2044 1933 2171 1967 abbatis
2209 1939 2242 1968 ct

381 1996 571 2026 monasterii
601 1994 706 2026 nullus
737 2005 773 2027 se
803 1999 972 2039 presumat
1002 1997 1233 2038 intromittere„
1264 1995 1322 2029 sed
1353 1998 1422 2041 ipsa
1452 1995 1573 2029 debent
1601 1995 1641 2028 ad
1671 1995 1819 2029 eiusdem
1842 2022 1848 2028 .
1874 2022 1880 2028 .
1911 1994 2050 2038 abbatis,
2073 1997 2127 2040 qui
2153 2005 2241 2028 nunc

382 2058 428 2086 est
459 2058 489 2085 et
520 2065 578 2099 pro
609 2059 757 2099 tempore
787 2054 897 2097 fuerit7
928 2055 1185 2100 disposicionem
1223 2061 1384 2101 perpetuo
1421 2059 1601 2102 pertinere.
1657 2056 1854 2089 Mandamus
1884 2058 1984 2099 igitur
2011 2057 2178 2089 universis
2208 2059 2240 2088 et

381 2114 518 2155 sinentis
556 2113 746 2147 baronibus.
786 2114 961 2153 nobilibusq
1000 2115 1227 2160 burggraviis
1257 2117 1450 2159 justiciariis
1486 2121 1518 2150 et
1555 2116 1749 2150 officialibus
1786 2118 1909 2149 nostris
1947 2115 2155 2161 quibuslibet,
2185 2118 2240 2160 qui

382 2185 467 2207 nune
497 2179 571 2207 sunt
599 2174 653 2207 vel
684 2186 742 2219 pro
773 2179 921 2220 tempore
951 2175 1084 2210 fuerint.
1114 2179 1255 2213 serios&
1286 2182 1448 2223 quatenus
1478 2178 1518 2211 de
1547 2177 1642 2211 bonis
1678 2181 1710 2210 et
1739 2176 1838 2210 rebus
1867 2176 2071 2210 subditorum
2111 2181 2143 2210 et
2171 2176 2240 2209 ho-

383 2238 502 2267 minnm
533 2235 797 2279 supradictorum
821 2263 826 2268 .
851 2262 857 2268 .
889 2235 1016 2270 abbatis
1046 2241 1077 2269 et
1107 2240 1299 2271 monasterii
1329 2241 1360 2271 in
1395 2241 1459 2271 vita
1489 2249 1549 2272 seu
1586 2242 1693 2271 morte
1722 2248 1758 2270 se
1793 2247 1859 2270 non
1897 2240 2091 2282 presumant
2128 2239 2240 2270 intro-

383 2298 512 2327 mittere
550 2306 612 2328 nec
651 2299 680 2328 in
719 2295 813 2329 bonis
852 2296 999 2330 eiusdem
1044 2301 1235 2332 monasterii
1274 2299 1402 2332 indiciis
1440 2298 1625 2344 presidere⁷
1663 2297 1794 2331 casibus
1830 2300 1860 2330 in
1902 2308 2017 2330 eorum
2055 2296 2240 2342 privilegiis

383 2355 551 2388 dumtaxat
581 2358 742 2400 exceptis.
774 2368 881 2402 neque
911 2360 1017 2390 eciam
1047 2358 1272 2403 supradictum
1301 2359 1454 2392 abbatem
1484 2363 1515 2392 et
1545 2361 1614 2392 eius
1643 2360 1835 2391 monasterii
1865 2357 2017 2390 homines
2046 2357 2188 2390 audeant
2208 2359 2239 2389 in

383 2415 490 2459 aliquo
520 2415 727 2460 perturbare.
749 2422 843 2462 prout
875 2421 1007 2463 propria
1037 2419 1184 2463 pericula
1215 2423 1247 2452 et
1271 2422 1472 2463 gravissime
1492 2423 1606 2452 nostre
1626 2418 1870 2462 indignacionis
1890 2416 2051 2450 offensam
2072 2416 2240 2450 voluerint

383 2478 521 2507 evitare.
553 2475 765 2509 Preseneium
797 2477 855 2510 sub
885 2489 1032 2523 appenso
1071 2483 1186 2512 nostro
1215 2480 1324 2524 sigillo
1354 2482 1541 2513 testimonio
1570 2479 1764 2512 litterarum.
1822 2477 1940 2511 Datum
1970 2477 2122 2522 Znoyme
2152 2487 2239 2510 anno

382 2534 503 2567 dmnini
534 2536 705 2569 millesimo
736 2541 971 2571 trecentesimo
1000 2542 1250 2584 septuagesimo
1279 2551 1380 2577 nono*
1410 2539 1548 2573 sabbato
1577 2538 1661 2572 infra
1692 2543 1830 2572 octavas
1859 2540 2011 2583 corporis
2041 2536 2173 2570 Christi.

691 2615 763 2647 (Ans
792 2616 841 2640 der
873 2616 1013 2641 l'licatur:
1046 2618 1089 2642 Atl
1115 2618 1277 2643 mandatum
1303 2618 1424 2644 domini.
1440 2639 1445 2644 .
1469 2617 1641 2643 marchionis
1664 2617 1801 2642 Nicolaus
1828 2616 2070 2650 protlionotarius.
2096 2630 2132 2634 -
2160 2614 2238 2649 Orig.

795 2668 875 2697 Pom.
902 2677 936 2692 :in
962 2669 1079 2694 weissen
1104 2670 1161 2694 und
1185 2670 1286 2695 rothen
1310 2669 1499 2696 Seidenfaden
1523 2669 1551 2695 h.
1576 2669 1632 2702 Sig.
1657 2669 1694 2694 im
1718 2668 1806 2693 ma'ln:
1831 2667 2085 2701 Laudesarehive.)
