2336 3074
973 198 1036 232 171

957 321 1061 357 189.

79 424 149 458 Der
181 424 353 458 Olnmttzer
382 424 567 459 Studtratlc
603 424 727 469 befreit
757 426 819 458 (len
859 436 930 458 rom
962 425 1188 469 ‘llarlfqrafen
1217 423 1295 457 Jost
1333 425 1395 457 deu
1430 423 1697 456 Dominilsanern
1736 424 1767 455 ῐη
1802 421 1933 455 Olmutz,

158 485 386 529 9eseleenkten
416 485 494 530 Hos
516 487 549 518 in
578 484 745 519 Nebotee'n
778 497 840 519 ron
870 486 960 519 allen
991 484 1201 519 slsidte‘sehen
1231 483 1410 528 Abyaben.
1450 483 1506 517 Dt.
1538 484 1596 519 20,
1629 483 1704 516 Mae·
1736 482 1841 517 1380.

229 561 317 615 Nos
346 581 546 615 Kuschlinus
582 581 622 615 de
651 581 780 615 Litovia
819 581 1014 625 advocatus,
1043 581 1215 614 Heinlinus
1243 579 1450 613 Veierobent
1487 582 1784 623 magistercivium5
1814 578 1929 612 Petrus

73 641 222 682 scolaris,
252 641 409 675 Nicolaus
438 641 564 675 slosser
592 641 792 676 Ludowieus
827 645 957 676 institor
994 641 1160 682 consules,
1198 639 1315 673 Petrus
1353 643 1384 673 iu
1423 640 1520 673 domo
1558 639 1714 684 Hennigi„
1751 639 1929 673 Goczlinus

72 706 175 742 sutor„
206 701 368 735 Pertlinus
397 702 561 739 carnifex.
582 702 745 735 Pertlinus
766 707 869 745 sutor7
890 702 1047 736 Nicolaus
1068 700 1315 737 Tendlmarekt.
1336 700 1510 734 Mertlinus
1538 699 1700 733 Gewhart
1721 704 1752 733 et
1772 699 1929 733 Nicotaus

71 762 220 796 Prudens
250 762 375 797 scabini
399 763 567 807 juratique
597 765 690 797 cives
721 762 982 796 Olomuczenses
1012 761 1208 796 confitemur
1236 763 1414 794 universis.
1446 760 1541 801 Quod
1562 760 1695 794 illustris
1725 771 1763 793 ac
1793 762 1929 804 magni-

72 822 152 856 ficus
181 825 336 868 princeps
366 827 397 857 et
426 823 578 857 domiuus
607 823 759 856 dominus
787 822 934 857 Jodocus
964 822 1112 856 marchio
1143 826 1173 855 et
1203 821 1354 855 dominus
1383 820 1535 854 Moravie
1562 831 1749 865 (generosus
1779 820 1930 858 dominus

71 887 185 917 noster
213 885 338 917 curiam
368 883 553 917 allodialem
583 886 656 917 sive
685 883 888 918 colonariam
927 886 959 916 in
988 882 1065 917 villa
1094 881 1321 927 Hnyewotein
1350 884 1444 915 sitam
1475 892 1548 914 cum
1579 881 1716 925 singulis
1746 884 1816 915 eius
1845 892 1929 926 per-

70 946 220 977 tinenciis
258 943 506 977 honorabilibus
545 955 583 977 ac
620 944 786 988 religiosis
823 946 905 977 viris
943 943 1143 977 dominis..
1182 945 1286 988 priori
1324 945 1414 975 et..
1454 944 1633 975 conventui
1672 941 1788 974 domus
1825 944 1929 975 sancti

69 1003 242 1038 Michaelis
271 1008 384 1037 nostre
413 1007 556 1038 civitatis
585 1004 710 1038 ordinis
738 1004 983 1050 predicatorum
1023 1003 1102 1036 dare
1132 1003 1285 1048 dignatus
1323 1006 1373 1036 est
1403 1002 1603 1035 hereditarie
1641 1001 1793 1036 eandem.
1831 1006 1929 1047 prout

69 1067 101 1097 in
130 1064 233 1097 literis
262 1075 322 1110 per
351 1064 493 1098 eundem
523 1064 690 1098 dominum
720 1064 946 1097 marchionem
977 1064 1060 1097 datis
1089 1063 1234 1108 desuper
1261 1063 1382 1096 clarius
1402 1065 1600 1100 continetur„
1622 1065 1676 1100 ita„
1699 1062 1784 1107 quod
1805 1065 1927 1095 virtute

69 1124 262 1158 donacionis
293 1125 507 1158 huiusmodi.
532 1152 537 1158 .
569 1124 609 1158 ab
637 1127 709 1170 ipso
739 1125 872 1158 domino
901 1129 1016 1158 nostro
1045 1124 1240 1158 marchione
1269 1123 1458 1157 mandatum
1480 1123 1678 1156 obtinuimus
1708 1125 1831 1155 eteius
1852 1133 1927 1156 esse

68 1185 273 1218 voluntatem
303 1188 536 1229 cognovimus,
565 1189 599 1218 ut
627 1185 755 1230 prefata
786 1188 889 1228 curia,
919 1196 982 1230 que
1012 1184 1173 1218 hactenus
1202 1185 1422 1229 lozungarum
1451 1186 1703 1230 imposicionum
1730 1188 1762 1216 et
1791 1183 1929 1217 aliarum

68 1245 274 1279 solucionum
304 1245 461 1279 oneribus
490 1248 615 1279 civitati
643 1250 758 1279 nostre
796 1245 944 1279 subiecta
983 1246 1085 1280 fuisse
1124 1245 1317 1283 dinoscitun
1348 1244 1502 1277 ammodo
1541 1247 1672 1277 inantea
1711 1243 1814 1277 libera
1853 1255 1928 1277 esse

68 1305 188 1339 debeat
215 1308 345 1351 penitus
375 1310 407 1339 et
435 1310 602 1352 exempta.
632 1305 702 1340 Nos
731 1317 827 1346 veroq
857 1309 911 1351 qui
941 1306 1088 1339 eiusdem
1110 1306 1232 1339 domini
1261 1308 1365 1339 nostri
1391 1304 1592 1338 marchionis
1622 1309 1787 1349 tamquam
1808 1304 1927 1338 subditi

68 1365 262 1400 obedientes
291 1378 335 1400 ex
364 1366 473 1400 debito
495 1367 647 1400 mandata
668 1371 820 1401 tenemur
839 1377 1078 1412 usquequaque
1107 1366 1289 1411 adimplere
1310 1377 1384 1399 cum
1405 1365 1536 1401 ellectin
1558 1365 1780 1410 supradictam
1802 1368 1926 1398 curiam

68 1429 264 1460 auctoritate
292 1431 406 1461 nostra
435 1427 536 1464 civili„
566 1438 629 1472 qua
660 1427 839 1472 fungimur.
870 1430 900 1460 in
930 1427 992 1460 hac
1021 1431 1115 1472 parte
1144 1426 1184 1460 ab
1214 1429 1302 1459 omni
1332 1426 1486 1470 tozungffl
1509 1428 1737 1471 imposicione„
1755 1425 1926 1459 solucione

67 1498 107 1521 ac
135 1487 206 1521 aliis
235 1487 522 1521 contribucionum
551 1487 708 1521 oneribus
737 1487 953 1524 absolvimus
982 1487 1176 1521 libertamus
1206 1491 1237 1520 et
1274 1489 1439 1532 presentis
1477 1489 1589 1531 scripti
1624 1489 1808 1531 patrocinio
1847 1488 1927 1519 exi-

68 1550 184 1581 mimus
227 1550 395 1593 perpetuis
433 1547 637 1593 temporibus
680 1547 839 1581 affuturis.
896 1548 1022 1581 IIarum
1064 1547 1181 1592 quibus
1219 1547 1361 1591 sigillum
1400 1549 1505 1580 maius
1550 1551 1664 1580 nostre
1699 1549 1841 1579 civitatis
1877 1550 1927 1579 est

67 1619 249 1654 appensum
280 1610 468 1641 testimonio
506 1608 686 1641 literarum.
740 1608 859 1641 Datum
898 1608 950 1641 die
988 1607 1156 1641 Trinitatis
1195 1618 1281 1640 anno
1319 1607 1440 1640 domini
1478 1606 1652 1640 millesimo
1691 1609 1926 1640 trecentesimo

67 1671 309 1712 octuagesimo.

378 1729 468 1763 (Orig.
494 1729 574 1762 Perg.
600 1729 625 1753 li.
651 1729 707 1762 sig.
732 1738 788 1754 von
812 1729 938 1755 weissen]
965 1730 1089 1754 XVaehse
1114 1729 1149 1754 im
1175 1729 1249 1756 Olm,
1274 1728 1495 1762 stadum-chive.)

950 1874 968 1909 1
978 1874 1053 1909 90.

68 1976 143 2010 Der
175 1976 347 2010 Olmutzer
375 1976 527 2021 Biscleof
548 1976 685 2010 doleam!
725 1976 888 2021 besla'tz'gll
917 1978 971 2011 die
1007 1977 1160 2022 Sbiftmegy
1195 1978 1254 2011 (les
1290 1977 1340 2011 St.
1372 1976 1756 2021 Hieronymoecs-,tltars
1793 1978 1824 2009 in
1864 1977 1925 2010 der

295 2036 514 2081 DomIcI'relze,
546 2037 671 2070 welche
700 2036 848 2076 Sander,
878 2037 1117 2071 Arc-leidialcon
1148 2049 1211 2071 ron
1240 2037 1387 2075 Preraaa
1415 2037 1573 2081 (Jemaelzt
1600 2037 1703 2071 hatte.

697 2098 753 2131 Dc.
787 2098 965 2132 Isremsier
994 2099 1052 2132 20.
1085 2098 1160 2131 Mai
1189 2097 1296 2132 1380.

222 2165 306 2219 Dei
334 2189 366 2218 et
395 2185 578 2231 apostolice
607 2184 695 2219 sedis
724 2187 838 2229 gracia
869 2184 1101 2218 Olomucensis
1130 2188 1306 2231 episcopus
1327 2184 1498 2218 Johannes
1526 2184 1782 2219 uotumfaciuuis
1803 2190 1918 2218 tenore

64 2248 276 2291 presencium
305 2248 483 2280 universis.
515 2245 610 2287 Quod
640 2244 843 2278 honorabilis
873 2249 904 2278 et
933 2245 1094 2279 discretus
1123 2248 1176 2279 vir
1206 2245 1357 2278 dominus
1387 2245 1557 2278 Sanderus
1586 2245 1764 2281 Rambow„
1802 2244 1919 2278 archi-

65 2305 223 2340 diaconus
252 2304 495 2348 Preroviensis‚
526 2308 705 2339 canonicus
736 2305 968 2340 Olomucensis
997 2308 1143 2339 vicarius
1172 2310 1204 2339 et
1239 2305 1387 2339 officialis
1416 2310 1530 2339 noster
1568 2309 1696 2339 interne
1725 2306 1920 2339 devocionis

64 2370 172 2400 motus
200 2365 319 2399 affeetu
348 2365 515 2400 desiderat
543 2366 583 2399 de
612 2365 707 2399 bonis
736 2365 795 2399 sibi
835 2378 852 2399 a
882 2366 944 2399 deo
983 2366 1109 2400 collatis
1139 2366 1226 2399 diem
1264 2370 1416 2399 extreme
1453 2369 1627 2400 messionis
1665 2369 1726 2412 piis
1764 2365 1920 2412 operibus

62 2429 256 2472 prevenire,
286 2430 321 2459 ut
349 2437 393 2459 ex
421 2426 659 2472 temporalibus
688 2426 795 2467 bouisff
826 2438 889 2471 que
918 2437 1004 2460 nunc
1033 2429 1064 2459 iu
1094 2426 1223 2460 laudem
1254 2426 1306 2459 dei
1336 2429 1406 2460 eius
1427 2426 1595 2472 expendIt.
1618 2427 1775 2460 sedulitas
1804 2431 1920 2459 eterne

62 2486 170 2531 glorie
198 2489 325 2532 premia
355 2489 528 2530 meciatur,
558 2489 589 2520 in
619 2487 758 2520 salutem
789 2489 896 2520 anime
926 2498 984 2521 sue
1005 2497 1207 2531 suorumque
1227 2490 1400 2532 parentum
1430 2491 1461 2520 et
1490 2486 1740 2520 benefactorum
1771 2486 1811 2520 de
1832 2497 1921 2520 con-

63 2557 163 2580 sensu
191 2551 306 2580 nostro
335 2558 374 2580 ac
403 2546 541 2580 fratrum
571 2551 760 2580 nostrorum
783 2574 789 2579 .
814 2575 819 2580 .
851 2546 967 2580 decani
996 2551 1027 2579 et
1057 2546 1187 2592 capituli
1219 2547 1361 2580 ecclesie
1390 2551 1502 2580 nostre
1532 2547 1764 2581 Olomucensis
1785 2547 1920 2593 speciali

63 2607 102 2640 ad
131 2607 261 2640 laudem
290 2609 524 2652 omnipotentis
554 2607 606 2640 dei
634 2607 850 2652 glorioseque
878 2610 1020 2652 virginis
1049 2606 1154 2641 Marie
1193 2618 1232 2640 ac
1261 2607 1450 2652 specialiter
1478 2608 1615 2652 gloriosi
1653 2607 1858 2641 confessoris
1888 2611 1920 2640 et

63 2669 238 2701 eminentis
267 2667 412 2701 doctoris
440 2666 602 2701 Jeronimi
630 2666 819 2713 presbiteri,
849 2670 900 2701 cui
930 2669 1038 2702 titulus
1068 2671 1218 2702 annotari
1248 2667 1391 2711 debebit„
1413 2672 1444 2701 et
1465 2668 1603 2701 aliorum
1624 2668 1795 2701 doctorum
1816 2667 1918 2701 vide-

1714 2733 1765 2759 22³<
