2336 3074
1218 201 1292 233 508

323 311 422 340 certis
453 310 600 339 terminis
622 318 680 352 per
702 309 805 351 ipsum
829 306 1012 339 auditorem
1035 309 1083 339 eis
1104 306 1142 339 ad
1166 305 1227 339 liec
1254 308 1448 340 successive
1478 311 1506 340 et
1530 307 1754 352 peremptorie
1775 307 1967 349 assignatis„
1989 308 2192 338 memoratus

323 370 451 401 :nutitor
481 379 553 401 eum
585 367 702 399 eodem
733 367 842 400 t‘rnce
873 370 901 400 in
933 378 1032 400 eausa
1065 366 1251 400 huiusmodi
1281 367 1502 401 com-ludente
1532 367 1694 401 conclusit
1722 371 1754 400 et
1783 365 1897 399 liabuit.
1925 376 1984 412 pro
2020 364 2191 398 concluso.

325 428 534 461 Postmodum
566 439 649 461 vero
677 427 806 460 Jacobo
836 431 864 460 et
897 426 1005 460 Cruce
1036 427 1193 473 predictis
1223 439 1335 461 eoram
1376 428 1494 462 eodem
1525 428 1675 462 autlitore
1705 430 1735 461 in
1761 427 1887 472 judicio
1923 424 2193 472 comparentibus

326 493 354 520 et
386 489 592 521 ‹lil‘tinitivam
624 490 828 521 sentem-ium
860 490 889 521 in
920 499 1020 521 eausa
1052 487 1239 521 huiusmodi
1270 488 1339 522 lieri
1370 489 1557 535 petentibus
1587 492 1617 523 in
1647 493 1738 522 certa
1769 488 1821 522 die
1850 488 1889 521 ad
1921 487 1985 521 lioc
2023 489 2192 531 assignata

324 549 513 594 sepedictus
543 549 672 581 auditor
703 551 782 582 visis
813 553 842 581 et
874 548 1050 593 diligenter
1081 551 1237 594 inspeetis
1267 548 1419 583 onmibus
1457 553 1489 583 et
1527 549 1665 594 singulis
1704 551 1786 582 actis
1816 550 1968 592 actitatis,
2007 547 2126 581 habitis
2162 550 2194 580 et

325 609 492 655 productis
523 612 552 642 in
583 621 682 642 eausa
713 609 899 642 huiusmodi
931 612 1076 655 ipsisque
1105 621 1178 642 eum
1210 609 1386 653 diligencia
1417 613 1591 645 recensitis
1622 615 1653 644 et
1682 612 1880 643 exaininatis
1910 621 1949 643 ac.
1979 608 2063 642 sacta
2094 618 2194 654 super

325 669 475 703 omnibns
505 669 752 703 coauditorilms
782 673 849 703 suis
879 670 953 703 dicti
992 670 1109 716 palacii
1140 670 1308 704 relacione
1338 671 1485 717 plenaria
1523 676 1553 705 et
1584 671 1670 705 lideli
1708 670 1748 704 de
1778 673 1924 716 ipsorum
1963 668 2192 703 eoauditorum

324 730 462 763 consilio
483 735 512 763 et
544 741 682 763 assensu
705 742 764 776 per
784 742 876 764 suam
899 730 1105 764 diffinitivam
1128 735 1331 765 sentenciam
1364 735 1609 778 pronunciavit,
1640 732 1791 766 decrevit
1820 737 1849 765 et
1873 731 2068 773 declaravit,
2097 733 2195 776 prout

325 791 385 824 liee
424 794 533 825 onmia
571 794 600 825 in
638 791 724 825 dicto
761 791 870 825 libello
909 803 968 837 per
1006 792 1127 825 dictum
1163 792 1325 826 Jacobum
1365 795 1395 827 in
1432 792 1619 827 huiusmodi
1658 804 1757 827 causa
1797 792 1872 827 dato
1910 794 2010 838 petita
2050 790 2193 833 fuerant,

324 851 593 886 inolestaciones.
624 851 900 898 perturbaciones
936 857 968 886 et
1006 852 1238 898 inqwdimenta
1275 853 1422 899 predicta
1463 853 1564 888 fuisse
1603 857 1632 887 et
1672 865 1748 888 esse
1787 856 1976 895 temerarizu
2015 852 2123 886 illicita
2163 855 2195 885 et

326 915 455 946 iniusta.
478 912 632 958 dictoque
662 912 760 946 Cruci
791 925 828 946 ea
861 913 973 947 facere
1003 925 1067 947 non
1090 914 1222 948 licuisse
1243 926 1351 959 neque
1372 914 1485 953 licerm
1517 916 1645 960 ipsique
1666 914 1765 948 Cruci
1787 913 1828 947 dc
1848 918 1881 948 et
1908 925 2009 960 super
2030 913 2194 947 molesta-

323 972 485 1007 cionibus.
507 972 830 1019 perturbaeionibus,
852 974 1094 1020 impedimentis
1116 986 1154 1007 ae
1184 978 1349 1020 pretensis
1369 976 1470 1009 scolis
1499 980 1528 1009 et
1560 975 1715 1009 facultate
1737 975 1840 1009 (licias
1860 975 1969 1009 scolas
1991 974 2142 1019 erigendi
2162 977 2195 1007 et

324 1033 464 1067 docendi
495 1036 525 1067 iu
547 1033 631 1067 dicta
654 1034 751 1067 domo
772 1045 877 1080 prope
898 1034 1017 1068 dictam
1039 1035 1215 1069 ecelesiam
1237 1039 1341 1069 sancti
1362 1036 1513 1070 Mauricii
1535 1041 1565 1070 et
1587 1036 1773 1070 rectoribus
1793 1047 1853 1082 pro
1875 1040 2025 1081 tempore
2045 1034 2193 1068 eiusdem

324 1094 468 1127 ecclesie
506 1099 702 1140 perpetuum
733 1095 905 1128 silencium
936 1096 1171 1141 imponendum
1202 1096 1274 1130 sore
1295 1101 1327 1129 et
1356 1099 1521 1143 imposuit,
1552 1100 1725 1143 ipsumque
1755 1095 1898 1130 Crucem
1928 1094 2193 1142 compellendum

324 1154 396 1188 fore
435 1154 473 1188 ad
513 1155 699 1189 cavendnm
739 1156 872 1201 ydonee
901 1167 960 1202 pro
990 1167 1026 1190 se
1056 1160 1087 1189 et
1116 1157 1370 1191 successoribus
1399 1161 1467 1191 suis
1496 1157 1695 1201 rectoribus,
1730 1160 1783 1203 qui
1813 1161 1926 1191 essent
1954 1167 2014 1202 pro
2044 1160 2194 1202 tempore

323 1215 409 1248 dicte
430 1215 629 1260 paroehialis
651 1216 807 1250 ecclesie.
838 1216 925 1261 quod
947 1216 1038 1250 Crux
1059 1220 1130 1263 ipse
1151 1217 1191 1250 de
1212 1222 1327 1251 cetero
1348 1223 1380 1251 et
1401 1221 1506 1252 eciam
1537 1230 1755 1253 successores
1785 1221 1846 1264 ipsi
1875 1229 1940 1251 non
1962 1220 2193 1263 attemptarent

323 1276 440 1309 sinulia
463 1276 575 1310 facere
596 1276 810 1322 prefatosque
832 1280 1012 1311 canonicos
1033 1282 1063 1311 et
1085 1278 1262 1324 capitulum
1285 1281 1315 1312 in
1336 1279 1493 1324 predictis
1514 1279 1613 1313 scolis
1635 1284 1667 1313 et
1687 1290 1800 1312 earum
1822 1280 2038 1325 possessione
2054 1277 2195 1311 tuendos

324 1336 409 1374 fore.
440 1339 612 1383 ipsumque
634 1336 775 1371 Crucem
798 1340 829 1371 in
850 1341 1008 1384 expensis
1038 1341 1068 1372 in
1099 1338 1284 1373 huiusmodi
1314 1351 1414 1373 causa
1431 1351 1544 1373 eoram
1566 1351 1602 1374 se
1622 1340 1769 1385 legitime
1790 1340 1885 1374 sactis
1906 1338 2194 1373 condemnandum

325 1398 398 1431 l'ore
432 1402 461 1431 et
492 1398 726 1431 ctmdemuavit
749 1401 894 1444 ipsarum
924 1410 1148 1445 expt‘aensarum
1179 1403 1356 1433 taxaeione
1386 1400 1446 1434 sibi
1476 1403 1882 1446 inposterumreservata.
1914 1400 1945 1435 A
1975 1411 2037 1445 qua
2063 1398 2194 1445 quidem

324 1461 494 1492 sentencia
525 1470 585 1504 pro
615 1464 708 1504 parte
737 1459 813 1493 dicti
844 1458 961 1494 Crucis
990 1459 1047 1493 fuit
1086 1461 1125 1494 ad
1164 1461 1278 1494 sedem
1317 1461 1515 1507 appellatum
1550 1462 1690 1495 eandem
1728 1460 1943 1507 prefatusque
1973 1452 2196 1507 predecessor

325 1530 459 1552 causam
490 1519 726 1565 appellacionis
757 1519 942 1554 huiusmodi
973 1520 1093 1554 dilecto
1124 1520 1188 1555 tilio
1219 1524 1379 1567 magistro
1409 1521 1553 1556 Johanni
1583 1522 1622 1556 de
1644 1521 1820 1556 Chambris
1849 1521 2021 1568 capellano
2050 1521 2140 1555 sedis
2164 1524 2196 1554 et

324 1580 464 1613 auditori
495 1591 670 1614 causarum
700 1580 817 1626 palacii
847 1581 1073 1627 predictorum
1104 1582 1302 1616 audiendam
1333 1586 1495 1616 commisit
1523 1587 1554 1616 et
1574 1582 1639 1617 sine
1660 1582 1770 1617 debito
1792 1582 2045 1625 terminandam„
2075 1583 2129 1627 qui
2155 1580 2195 1615 ad

324 1643 518 1674 instanciam
541 1643 690 1681 magistri
712 1641 839 1675 Nicolai
860 1641 965 1676 Lubik
985 1642 1148 1677 substituti
1171 1654 1231 1689 per
1247 1647 1443 1689 magistrum
1460 1643 1678 1677 VVillielmum
1700 1642 1952 1688 Kurtlielangen
1969 1644 2196 1689 procuratoris

326 1700 549 1747 predictorum
571 1705 808 1736 canonicorum
839 1707 871 1736 et
900 1703 1031 1749 capituli
1052 1715 1116 1737 una
1138 1716 1211 1738 cum
1234 1704 1320 1738 dicto
1341 1703 1468 1738 Jacobo
1490 1707 1520 1737 in
1543 1704 1682 1738 solidum
1704 1706 1928 1747 constitutum„
1958 1706 2001 1737 ita
2022 1702 2107 1749 quod
2130 1713 2195 1736 non

326 1766 411 1795 esset
444 1762 560 1795 melior
588 1762 740 1796 condicio
770 1767 965 1809 occupantis
984 1768 1082 1810 prout
1101 1764 1141 1798 ad
1162 1764 1227 1798 hoc
1256 1764 1341 1798 idem
1363 1764 1564 1798 XVillielmus
1593 1764 1633 1798 ab
1663 1764 1788 1798 eisdem
1810 1766 1979 1798 canonicis
2000 1768 2032 1797 et
2052 1763 2194 1809 capitulo

325 1821 495 1855 sufficiens
526 1823 711 1856 mandatum
742 1823 885 1857 habebat
914 1829 946 1858 et
975 1825 1083 1859 eidem
1112 1824 1256 1859 Johanni
1285 1826 1425 1859 auditori
1464 1825 1548 1872 apud
1583 1829 1655 1859 acta
1692 1825 1879 1859 huiusmodi
1908 1836 2009 1859 cause
2047 1824 2193 1869 legitime

326 1882 511 1926 constabat‚
551 1895 662 1917 coram
703 1895 744 1918 eo
780 1888 810 1919 in
842 1885 969 1930 judicio
1004 1889 1240 1932 comparentis7
1279 1886 1421 1920 eundem
1458 1885 1600 1920 Crucem
1638 1886 1677 1920 ad
1717 1885 1903 1920 docendum
1942 1885 1983 1919 de
2016 1885 2192 1930 diligencia

327 1946 579 1989 prosecucionis
609 1945 845 1990 appellacionis
876 1946 1064 1980 huiusmodi
1092 1946 1133 1981 ab
1162 1947 1278 1981 eadem
1308 1950 1479 1981 sentencia
1509 1949 1704 1993 interposite
1732 1958 1793 1993 per
1821 1946 1984 1992 quendam
2020 1955 2193 1980 cursorem

326 2004 412 2037 dicte
441 2004 529 2038 sedis
560 2007 653 2038 citari
692 2005 768 2039 fecit
798 2006 837 2040 ad
868 2011 995 2040 certum
1034 2010 1209 2041 terminum
1248 2011 1507 2054 peremptorium
1538 2012 1796 2054 competentem.
1853 2006 1887 2041 In
1924 2017 1988 2052 quo
2026 2006 2193 2052 predictus

326 2064 484 2098 Nicolaus
513 2076 627 2099 coram
657 2066 776 2100 eodem
797 2066 951 2101 Jolianne
972 2067 1123 2101 auditore
1152 2071 1183 2102 in
1209 2069 1335 2112 judicio
1356 2080 1555 2114 comparens
1584 2068 1724 2114 predicti
1745 2067 1862 2102 Crucis
1883 2078 1947 2101 non
1969 2069 2194 2113 comparentis

326 2128 569 2159 contumaciam
599 2129 770 2160 accusavit
800 2127 1016 2173 prefatusque
1044 2127 1216 2162 Joliannes
1246 2129 1376 2162 auditor
1404 2128 1444 2162 ad
1474 2131 1669 2163 instanciam
1709 2128 1857 2162 eiusdem
1887 2127 2016 2161 Nicolai
2051 2126 2192 2160 eundem

327 2185 469 2220 Crucem
507 2187 546 2220 ad
577 2198 669 2221 suam
708 2190 738 2221 in
769 2187 956 2222 huiusmodi
994 2200 1095 2223 causa
1133 2192 1337 2223 sentenciam
1376 2189 1572 2222 audiendam
1612 2200 1672 2235 per
1700 2188 1863 2234 quendam
1894 2198 2066 2222 cursorem
2105 2187 2193 2222 sedis

327 2246 475 2292 predicte
513 2250 607 2281 citari
646 2247 725 2282 fecit
763 2248 802 2282 ad
833 2253 959 2283 certam
998 2249 1083 2283 diem
1122 2252 1380 2295 peremptoriam
1417 2254 1675 2295 competentem.
1732 2249 1767 2283 In
1806 2260 1869 2294 qua
1905 2248 2023 2282 eodem
2054 2247 2193 2282 Nicolao

327 2318 441 2340 coram
470 2307 624 2341 Johanne
653 2309 804 2342 auditore
833 2309 984 2355 predicto
1022 2312 1053 2343 in
1078 2310 1205 2354 judicio
1243 2314 1459 2356 comparente
1489 2314 1521 2344 et
1550 2310 1698 2344 eiusdem
1728 2309 1845 2344 Crucis
1873 2321 1940 2343 non
1969 2311 2193 2354 comparentis

327 2371 568 2401 contumaciam
599 2374 778 2403 accusante
808 2374 839 2403 et
868 2373 899 2403 in
930 2374 1000 2404 eius
1030 2373 1285 2414 contumaciann
1316 2371 1497 2416 predictam
1527 2370 1789 2417 appellaciouem
1820 2370 1860 2404 ab
1882 2370 1998 2404 eadem
2021 2371 2192 2404 sentencia

327 2432 356 2459 ut
388 2431 587 2473 premittitur
616 2432 856 2475 interpositam,
888 2430 991 2464 fuisse
1021 2435 1052 2464 et
1081 2442 1157 2465 esse
1177 2431 1343 2464 desertam
1362 2434 1573 2477 pronunciari
1604 2435 1635 2464 et
1663 2434 1869 2464 sentenciam
1896 2430 2083 2465 huiusmodi
2113 2429 2192 2464 ferri

330 2492 474 2532 petente.
505 2494 708 2523 memoratus
728 2490 900 2525 Johannes
921 2492 1224 2537 auditorreputans
1245 2491 1385 2525 eundem
1408 2490 1549 2525 Crucem
1580 2502 1644 2537 quo
1675 2492 1713 2525 ad
1744 2491 1820 2533 hoc,
1850 2495 1947 2537 prout
1967 2495 2049 2535 erat,
2075 2493 2192 2524 merito

327 2553 557 2582 contumacem
598 2553 629 2583 iu
668 2554 738 2584 eius
768 2554 1010 2585 contumaciam
1046 2555 1128 2585 visis
1167 2557 1196 2585 et
1236 2552 1413 2597 diligenter
1450 2554 1606 2598 inspectis
1645 2552 1798 2586 omuibus
1836 2555 1918 2586 actis
1947 2556 1979 2585 et
2007 2550 2126 2585 habitis
2162 2553 2193 2584 in

327 2619 426 2641 causa
459 2609 644 2643 huiusmodi
675 2611 714 2644 de
744 2612 883 2645 consilio
913 2616 942 2645 et
973 2623 1112 2646 assensu
1142 2612 1371 2646 coauditorum
1402 2623 1537 2645 suorum
1573 2612 1648 2646 dicti
1678 2613 1808 2658 palacii‚
1847 2612 1964 2658 quibus
1993 2623 2093 2658 super
2130 2611 2192 2645 hiis

328 2669 528 2703 relacionem
561 2670 635 2703 feeit
667 2670 809 2707 fidelem.
840 2684 899 2718 per
927 2683 1019 2706 suam
1050 2675 1254 2706 sentenciam
1277 2675 1520 2719 pronunciavit,
1551 2673 1702 2707 decrevit
1730 2677 1759 2706 et
1787 2673 1981 2717 declaravit,
2010 2673 2193 2718 predictam
