2336 3074
916 275 927 277 „
979 223 1052 257 245

87 329 158 361 sive
187 326 442 372 supplicacionis
471 327 587 361 cedule
616 331 738 373 scripta
767 332 861 361 erant
891 328 931 361 de
960 328 1022 361 alia
1051 339 1149 361 manu
1179 332 1209 361 et
1231 328 1324 361 litera
1354 331 1518 373 superiori
1549 327 1642 361 litere
1669 326 1786 360 cedule
1814 329 1944 373 penitus

87 391 120 421 et
147 390 281 421 omnino
311 387 458 421 dissimili
488 392 519 420 et
549 388 682 421 diversa
712 387 775 421 hec
795 387 911 422 verba.
933 388 1109 421 videlicet:
1142 388 1215 432 „De
1236 387 1390 421 mandato
1411 388 1533 422 domini
1563 390 1667 421 nostri
1687 398 1772 433 pape
1792 386 1945 420 absolvat

85 447 171 481 idem
201 447 330 481 auditor
359 447 551 494 simpliciter
580 448 634 481 vel
663 448 702 481 ad
733 447 918 481 cauthelam
949 451 976 481 si
1006 452 1037 481 et
1065 452 1162 493 prout
1191 447 1231 481 de
1265 449 1342 492 jure
1371 448 1469 482 fuerit
1499 448 1688 481 faciendum
1718 452 1749 481 et
1774 449 1943 492 justiciam

88 507 224 541 faciat.“
255 507 467 541 Postmodum
497 519 580 542 vero
610 511 805 542 constitutus
835 519 948 541 coram
978 507 1073 541 nobis
1103 508 1266 542 discretus
1295 511 1348 541 vir
1367 508 1520 542 dominus
1543 507 1698 542 Andreas
1719 508 1759 541 de
1781 507 1943 553 Snoyma.

87 567 247 614 plebanus
276 567 380 614 plebis
409 571 441 602 in
470 567 635 602 Trobecz.
665 567 898 602 Olomucensis
927 568 1082 603 diocesis.
1111 572 1310 614 procurator
1339 572 1371 601 et
1398 570 1629 613 procuratorio
1659 571 1792 602 nomine
1823 568 1945 601 domini

87 628 216 662 Nicolai
254 627 426 671 Czernast,
462 628 651 673 principalis
695 628 847 674 predicti,
886 632 982 674 prout
1030 627 1124 661 nobis
1162 628 1202 661 de
1239 631 1341 674 ipsius
1379 628 1501 662 domini
1544 628 1682 662 Andree
1717 630 1945 674 procuratoris

86 688 241 722 mandato
270 689 417 733 legitime
445 691 551 721 extitit
580 688 746 731 edoctum,
777 691 964 734 expositum
994 688 1053 722 fuit
1082 689 1272 734 qnerulose,
1302 689 1388 734 quod
1427 689 1573 723 nonnulli
1611 690 1740 735 prelati‚
1771 688 1944 727 officiales,

86 752 206 783 notarii
235 753 265 782 et
295 748 489 782 tabelliones
518 748 638 794 publici
668 749 797 794 alieque
832 759 976 795 persone
1006 749 1235 782 ecclesiastice
1265 753 1295 782 et
1325 749 1495 782 seculares
1533 752 1702 782 civitatum
1741 754 1773 782 et
1802 749 1944 782 diocesis

86 809 309 856 predictarum
338 819 442 854 penes
471 820 507 842 se
537 808 659 842 habent
688 814 719 843 et
748 809 897 843 detinent
924 809 1100 843 nonnullos
1137 820 1328 854 processus‚
1359 809 1444 842 dicta
1474 814 1506 842 et
1534 812 1770 843 attestaciones
1800 811 1943 843 testium.

85 870 210 913 literas,
240 873 422 915 scripturas
452 874 484 903 et
512 872 729 903 instrumenta
759 881 819 903 seu
847 873 1048 903 munimenta
1078 869 1117 903 ad
1148 881 1283 903 causam
1314 881 1373 904 seu
1413 881 1532 903 causas
1568 869 1754 903 huiusmodi
1783 869 1944 903 facientes

86 941 145 965 seu
173 930 336 964 faciencia
366 935 398 963 et
426 941 465 963 ea
494 941 554 963 seu
583 941 640 963 eas
670 934 845 975 tangentes
882 941 941 964 seu
978 933 1167 975 tangencia,
1196 941 1257 976 per
1294 941 1375 975 quas
1413 934 1445 963 et
1482 941 1546 975 que
1583 932 1805 963 intencionem
1843 933 1945 975 partis

86 1001 146 1025 sue
174 990 318 1036 probare
346 991 483 1024 intendit
513 995 543 1024 et
581 993 652 1024 sine
689 990 806 1036 quibus
844 990 885 1024 de
920 994 1085 1036 presentis
1123 1001 1224 1024 cause
1262 993 1387 1024 meritis
1424 990 1552 1035 liquere
1590 990 1687 1035 plene
1722 1001 1788 1023 non
1825 995 1943 1036 potest.

86 1051 198 1092 Quare
227 1051 287 1085 sibi
316 1063 417 1097 super
446 1051 509 1085 hoc
539 1052 579 1085 de
615 1056 779 1098 oportuno
817 1051 967 1084 remedio
1002 1062 1062 1096 per
1099 1062 1160 1085 nos
1197 1050 1369 1097 provideri
1407 1055 1439 1084 et
1475 1051 1588 1084 literas
1626 1051 1867 1096 compulsorias
1905 1051 1944 1084 ad

84 1117 197 1158 partes
226 1112 362 1145 decerni
391 1117 422 1145 et
451 1112 591 1146 concedi
625 1123 698 1145 cum
728 1114 889 1145 instancia
918 1111 1107 1157 postulavit.
1164 1111 1235 1145 Nos
1263 1114 1364 1156 igitur
1400 1111 1572 1145 Johannes
1609 1110 1787 1157 Monbray.
1817 1111 1946 1144 auditor

86 1172 245 1218 prefatus,
275 1172 484 1206 attendentes
513 1174 770 1217 requisicionem
800 1171 988 1205 huiusmodi
1017 1171 1090 1205 fore
1117 1175 1237 1205 iustam
1267 1176 1298 1205 et
1327 1182 1509 1205 consonam
1530 1174 1656 1205 racioni
1687 1176 1718 1205 et
1747 1171 1834 1216 quod
1861 1174 1945 1204 iusta

86 1232 273 1278 petentibus
301 1243 367 1266 non
397 1236 448 1266 est
475 1232 692 1277 denegandus
713 1243 882 1275 assensus,
903 1232 1028 1266 idcirco
1050 1235 1247 1266 auctoritate
1267 1232 1450 1277 apostolica
1470 1231 1671 1277 supradicta.
1694 1243 1756 1277 qua
1777 1231 1946 1276 fungimur

86 1296 118 1327 in
148 1292 209 1326 hac
238 1297 344 1338 parte,
373 1303 435 1340 vos
465 1303 581 1326 omnes
610 1297 642 1326 et
670 1293 820 1337 singulos
855 1292 1075 1339 supradictos,
1105 1292 1223 1338 quibus
1252 1293 1347 1326 litere
1384 1297 1498 1326 nostre
1534 1297 1710 1338 presentes
1746 1292 1944 1337 diriguntur.

87 1358 119 1387 et
146 1357 295 1387 vestrum
325 1352 504 1398 quemlibet
532 1353 706 1387 insolidum
736 1356 854 1399 primo,
884 1353 1032 1387 secundo
1062 1357 1093 1386 et
1124 1355 1227 1386 tercio
1253 1355 1479 1398 peremptorie
1500 1355 1699 1398 requirimus
1720 1357 1751 1386 et
1772 1363 1945 1386 monemus

86 1416 297 1460 presencium
327 1419 455 1455 tenore‚
485 1413 648 1459 vobisque
677 1413 908 1447 nichilominus
947 1418 979 1447 et.
1007 1417 1157 1447 vestrum
1195 1413 1328 1446 cuilibet
1365 1416 1398 1446 in
1434 1416 1558 1447 virtut-e
1596 1417 1711 1446 sancte
1749 1412 1945 1446 obediencie

87 1479 119 1508 et
146 1474 207 1509 sub
235 1478 329 1520 penis
358 1475 579 1520 infrascriptis
609 1474 756 1508 districte
784 1473 1000 1520 precipiendo
1030 1473 1236 1516 mandamus,
1267 1477 1429 1518 quatenus
1458 1484 1520 1507 vos
1559 1478 1589 1507 et
1619 1473 1753 1518 quilibet
1781 1477 1943 1506 vestrum.

87 1538 140 1580 qui
169 1546 270 1580 super
297 1535 362 1568 hoc
391 1534 512 1568 fuerint
541 1537 690 1580 requisiti
719 1545 777 1568 seu
808 1534 906 1568 fuerit
935 1537 1124 1579 requisitus.
1154 1534 1239 1567 infra
1269 1545 1330 1567 sex
1360 1533 1487 1567 dierum
1516 1537 1664 1579 spacium
1693 1538 1766 1579 post
1796 1544 1943 1579 presen-

87 1598 250 1629 tacionem
280 1606 340 1628 seu
368 1594 633 1628 notificacionem
662 1597 872 1640 presencium
904 1593 1000 1628 vobis
1030 1594 1085 1628 vel
1122 1594 1217 1628 alteri
1245 1598 1394 1628 vestrum
1424 1594 1545 1627 factam
1574 1594 1764 1627 immediate
1793 1604 1944 1639 sequen-

87 1659 186 1699 cium,
216 1666 355 1700 quorum
384 1666 446 1689 sex
475 1655 602 1688 dierum
629 1655 711 1688 duos
739 1666 800 1700 pro
838 1657 958 1700 primO,
988 1655 1070 1688 duos
1098 1665 1159 1700 pro
1189 1653 1337 1688 secundo
1366 1658 1398 1687 et
1433 1654 1579 1699 reliquos
1619 1654 1701 1687 duos
1740 1653 1810 1687 dies
1847 1652 1945 1687 vohis

86 1718 254 1750 universis
283 1721 314 1749 et
343 1716 481 1760 singulis
510 1716 708 1761 supradictis
736 1726 797 1761 pro
826 1718 930 1749 tercio
965 1719 997 1748 et
1034 1718 1261 1761 peremptorio
1298 1717 1440 1748 termino
1478 1726 1516 1747 ac
1556 1717 1743 1747 monicione
1783 1716 1944 1747 canonica

87 1779 308 1821 assignamus.
338 1779 380 1809 ita
410 1776 496 1821 quod
525 1776 609 1809 alter
636 1780 786 1810 vestrum
816 1778 848 1809 in
878 1775 941 1809 hiis
979 1775 1186 1821 exequendis
1215 1775 1355 1808 alterum
1382 1785 1449 1808 non
1478 1779 1651 1820 exspectet
1680 1786 1743 1808 nec
1771 1785 1856 1808 unus
1885 1785 1945 1819 pro

87 1837 192 1871 altero
234 1848 270 1871 se
313 1841 453 1871 excuset
495 1847 611 1870 omnes
653 1840 685 1869 et
726 1836 876 1880 singulos
918 1836 1070 1870 dominos
1111 1836 1269 1881 prelatos.
1310 1835 1482 1869 officiales.
1527 1835 1681 1879 clericos,
1724 1837 1872 1869 notarios
1914 1838 1946 1868 et

87 1897 281 1931 tabelliones
310 1897 460 1944 publicos
490 1902 522 1931 et
550 1907 712 1942 personas
742 1907 957 1942 quascunque
986 1896 1232 1930 ecclesiasticas
1261 1901 1292 1930 et
1321 1895 1492 1930 seculares
1513 1898 1682 1929 civitatum
1713 1899 1745 1928 et
1774 1895 1945 1928 diocesum

88 1958 325 2003 predictarum,
355 1968 437 2003 quos
466 1968 543 2003 pars
572 1957 648 1990 dicti
678 1956 800 1990 domini
838 1956 967 1990 Nicolai
1003 1956 1163 1991 Czernast
1201 1956 1391 2002 principalis
1429 1967 1489 1990 seu
1528 1955 1695 1989 exhibitor
1732 1957 1943 2002 presencium

88 2017 184 2052 vobis
214 2018 346 2052 duxerit
373 2018 605 2060 nominandos,
635 2022 666 2051 et
696 2028 811 2051 eorum
840 2016 1019 2062 quemlibet
1047 2020 1266 2050 communiter
1286 2017 1342 2050 vel
1362 2017 1494 2051 divisim
1523 2027 1566 2049 ex
1595 2021 1689 2062 parte
1718 2020 1845 2057 nostra3
1865 2026 1944 2060 ymo

86 2081 200 2112 verius
229 2078 422 2124 apostolica‚
452 2081 615 2112 canonice
644 2082 675 2111 et
704 2080 929 2123 peremptorie
958 2080 1119 2111 moneatis
1149 2081 1181 2110 et
1208 2080 1398 2122 requiratis,
1429 2087 1512 2122 quos
1541 2087 1602 2110 nos
1631 2079 1736 2109 eciam
1768 2080 1799 2109 et
1828 2086 1944 2109 eorum

87 2138 267 2184 quemlibet
294 2143 411 2172 tenore
439 2141 649 2184 presencium
680 2140 877 2183 requirimus
907 2141 937 2170 et
967 2148 1151 2180 monemus,
1179 2141 1209 2170 ut
1239 2136 1324 2170 infra
1351 2137 1526 2171 duodecim
1547 2137 1673 2169 dierum
1703 2139 1851 2182 spacium
1871 2139 1946 2180 post

87 2201 344 2244 requisicionem
374 2203 406 2232 et
434 2202 654 2233 monicionem
685 2197 871 2232 huiusmodi
909 2199 957 2231 eis
994 2197 1115 2230 factam
1153 2197 1342 2230 immediate
1380 2199 1608 2242 sequendum,
1640 2207 1778 2241 quorum
1817 2195 1944 2228 dierum

88 2263 228 2304 quatuor
256 2270 316 2306 pro
345 2263 463 2305 primo,
494 2264 634 2305 quatuor
663 2270 722 2304 pro
752 2258 899 2292 secundo
929 2261 959 2291 et
988 2256 1135 2302 reliquos
1165 2261 1306 2302 quatuor
1334 2257 1404 2290 dies
1432 2267 1492 2302 pro
1522 2259 1626 2289 tercio
1656 2260 1687 2288 et
1715 2257 1944 2300 peremptorio

88 2322 229 2353 termino
258 2331 298 2353 ac
326 2322 513 2353 monicione
543 2322 702 2353 canonica
733 2320 910 2363 assignetis
940 2321 971 2350 et
999 2328 1061 2350 nos
1100 2319 1206 2350 eciam
1245 2319 1292 2350 eis
1329 2321 1359 2349 et
1398 2327 1513 2349 eorum
1552 2315 1684 2348 cuilibet
1721 2317 1944 2359 assignamus,

88 2390 204 2414 omnes
233 2384 265 2413 et
293 2380 441 2424 singulos
478 2390 669 2426 processus.
709 2381 957 2419 antestat-iones
993 2380 1223 2416 instrumenta,
1257 2378 1345 2420 jura.
1384 2376 1509 2419 literas.
1543 2378 1724 2420 scripturas
1761 2379 1792 2408 et
1830 2376 1945 2408 muni-

88 2444 209 2483 menta7
238 2439 404 2485 predictas
434 2451 552 2474 causas
585 2439 772 2473 huiusmodi
810 2441 1044 2482 contingentes
1080 2441 1111 2470 et
1149 2440 1392 2470 concernentes
1427 2435 1482 2469 vel
1515 2446 1631 2469 eorum
1669 2438 1874 2480 transumpta
1912 2437 1945 2468 in

87 2499 251 2545 publicam
280 2499 421 2533 formam
450 2500 584 2534 redacta
613 2511 672 2534 seu
701 2499 818 2544 sigillis
838 2500 1012 2532 autenticis
1041 2497 1182 2542 sigillata
1212 2501 1243 2530 et
1264 2496 1345 2530 alias
1373 2495 1433 2529 sub
1462 2495 1524 2529 illis
1552 2495 1650 2528 modo
1681 2499 1711 2528 et
1740 2494 1860 2538 forma,
1882 2505 1945 2540 qua

88 2562 137 2593 eis
165 2563 196 2593 in
225 2571 362 2593 romana
392 2563 483 2593 curia
512 2563 630 2594 merito
659 2560 769 2593 valeat
799 2563 830 2592 et
868 2557 987 2592 debeat
1016 2556 1097 2590 fides
1134 2557 1283 2603 plenaria
1312 2555 1474 2598 adhiberi,
1504 2555 1611 2588 eidem
1643 2555 1776 2589 domino
1804 2554 1945 2588 ‘Nicolao

89 2619 249 2654 Czernast
277 2621 450 2666 principali
478 2621 533 2654 vel
560 2623 663 2666 ipsius
692 2622 902 2666 procuratori
931 2629 990 2651 seu
1019 2620 1140 2650 nuncio
1178 2619 1388 2662 presencium
1420 2615 1610 2657 exhibitorn
1640 2615 1736 2649 nobis
1764 2615 1820 2649 vel
1849 2615 1945 2648 alteri

89 2679 165 2713 dicti
193 2683 280 2714 sacri
308 2680 427 2726 palacii
455 2692 631 2715 causarum
660 2680 801 2714 auditori
830 2680 943 2713 forsan
980 2678 1054 2712 loco
1083 2680 1188 2711 nostri
1224 2679 1257 2710 in
1294 2687 1394 2710 causa
1433 2676 1619 2709 huiusmodi
1654 2675 1864 2720 surrogando
1903 2674 1942 2708 ad
