2336 3074
991 190 1063 224 325

979 338 1087 372 353.

312 439 503 484 Marquaf
524 439 636 472 Jodoh·
664 440 809 473 verleiht
838 441 899 473 der
928 440 1031 474 stadt
1060 441 1187 474 Bisenz
1216 441 1278 474 das
1305 443 1395 485 frede
1428 442 1736 485 Testimmgssreelet.

737 499 794 533 Dt.
828 500 946 534 Brilun
979 501 1036 535 13.
1068 502 1168 535 Mars
1200 501 1309 536 1385.

258 576 428 630 Jodocus
466 596 518 630 dei
555 598 669 640 gracia
715 595 864 629 marchio
903 601 933 630 et
979 597 1131 631 dominus
1167 597 1333 632 Moravie.
1389 597 1514 631 Rerum
1553 603 1724 643 gestarum
1763 602 1957 632 memoriam

96 658 288 691 literatenus
317 656 492 691 stabilitam
523 655 646 689 oblivio
677 667 720 689 ex
749 655 836 689 facili
866 668 931 690 non
969 658 1132 702 detergit3
1188 663 1367 704 eapropter
1404 662 1614 704 presencium
1645 664 1761 693 tenore
1790 662 1958 693 universis

97 721 246 764 cupimus
275 717 348 751 fore
376 722 502 759 notum7
532 717 619 762 quod
649 728 722 750 cum
753 728 797 750 ex
826 717 936 751 debito
966 723 998 751 et
1036 721 1145 752 innata
1183 718 1278 752 nobis
1317 719 1499 752 clemencia
1540 724 1714 753 teneamur
1752 720 1957 753 subditorum

97 778 280 813 commodis
316 778 497 822 vigilanter
532 777 700 820 insudare,
731 777 961 811 condicionem
1000 782 1146 824 ipsorum
1186 779 1404 821 meliorando,
1443 779 1596 813 volentes
1630 783 1743 824 igitur.
1780 785 1813 813 ut
1851 780 1958 813 incole

96 841 239 873 civitatis
268 843 382 872 nostre
410 837 564 872 Bzenecz
594 842 625 871 et
654 840 756 883 ipsius
784 837 931 871 suburbii
961 850 1104 884 operose
1134 842 1201 872 suis
1230 838 1399 873 laboribus
1428 844 1459 872 et
1488 839 1656 874 laboriose
1690 840 1859 873 intendant
1890 842 1957 873 suis

96 899 265 946 operibus7
294 902 396 944 ipsos.
426 898 570 932 heredes
599 901 747 944 ipsorum
785 909 824 932 ac
853 909 1069 933 successores
1104 899 1335 933 libertavimus
1374 904 1405 933 et
1441 899 1654 945 presentibus
1690 900 1895 934 libertamus.
1926 904 1958 933 ut

96 964 243 1006 ipsorum
273 959 498 1005 empliiteoses
528 964 708 1004 ceteraque
737 958 823 992 bona
853 959 984 993 mobilia
1014 962 1045 993 in
1066 963 1133 993 vita
1163 965 1195 993 et
1222 964 1296 1005 post
1317 964 1458 993 mortem
1478 963 1584 993 eciam
1605 960 1750 994 valeant.
1772 963 1957 1005 cuicunque

95 1021 211 1063 velint,
242 1020 322 1053 dare
351 1024 383 1053 et
411 1019 452 1053 de
481 1022 559 1064 ipsis
589 1021 703 1052 testari
733 1023 765 1052 et
795 1018 835 1052 de
864 1022 941 1064 ipsis
972 1022 1091 1064 quovis
1121 1020 1219 1053 modo
1249 1020 1428 1065 disponere
1456 1021 1639 1054 secundum
1670 1021 1789 1066 placito
1810 1024 1955 1066 ipsorum

96 1081 287 1115 voluntatis.
344 1080 380 1114 Si
409 1084 518 1113 autem
547 1079 690 1124 aliquem
727 1091 771 1113 ex
809 1082 887 1125 ipsis
924 1080 1049 1125 absque
1085 1080 1198 1114 liberis
1235 1092 1295 1115 seu
1332 1080 1512 1115 heredibus
1550 1093 1608 1115 seu
1647 1085 1836 1115 intestatum
1875 1084 1959 1114 mori

97 1144 303 1186 contingant.
332 1144 408 1174 tunc
438 1140 591 1174 volumus
620 1143 722 1186 ipsius
751 1140 982 1185 emphiteosim
1012 1152 1070 1174 seu
1100 1144 1218 1186 quevis
1248 1141 1310 1174 alia
1340 1141 1426 1175 bona
1455 1142 1493 1175 ad
1516 1145 1713 1175 viciniorem
1742 1141 1803 1175 sibi
1824 1152 1958 1186 cogna-

97 1205 194 1236 cione
224 1201 360 1235 devolvi
389 1212 454 1235 non
484 1200 636 1234 obstante
666 1200 906 1234 consuetudine
936 1203 967 1234 in
1005 1204 1220 1236 contrarium.
1251 1213 1348 1246 quam
1386 1205 1490 1235 nostri
1529 1202 1790 1247 predecessores
1829 1206 1859 1235 et
1899 1212 1959 1236 nos

98 1262 272 1296 habuimus
301 1265 333 1295 in
362 1262 500 1295 eisdem.
535 1261 698 1295 Volumus
727 1264 833 1294 eciam
863 1266 895 1294 et.
931 1261 1141 1306 presentibus
1171 1265 1250 1307 ipsis
1279 1265 1401 1296 nostris
1439 1261 1568 1295 civibus
1604 1262 1760 1307 predictis
1798 1262 1959 1296 donamus

97 1327 127 1357 et
158 1322 362 1357 conferimus
390 1325 422 1356 in
451 1327 647 1368 perpetuum
678 1333 722 1355 ex
751 1326 842 1354 certa
873 1326 984 1355 nostra
1014 1325 1159 1355 sciencia
1197 1327 1456 1368 nostrorumque
1494 1323 1760 1356 consiliariorum
1798 1334 1880 1356 sano
1919 1323 1958 1356 ad

97 1383 162 1418 hoc
190 1383 373 1417 accedente
402 1382 553 1421 consilio,
583 1386 615 1415 ut
645 1384 733 1415 omni
763 1384 846 1417 iure.
876 1381 1026 1415 libertate
1065 1387 1096 1415 et
1134 1386 1314 1416 emunitate
1353 1383 1460 1428 quoad
1499 1386 1661 1429 premissa
1701 1387 1732 1417 et
1770 1383 1960 1429 specialiter

96 1443 301 1478 braxacione
330 1448 362 1477 et
390 1444 590 1477 vendicione
620 1445 787 1476 cerevisie
816 1447 850 1475 ut
878 1443 986 1476 incole
1015 1446 1184 1476 civitatum
1216 1443 1387 1487 Olomucm
1418 1443 1531 1477 Brune
1560 1448 1592 1477 et
1621 1444 1758 1477 aliarum
1788 1447 1959 1477 civitatum

96 1509 286 1539 nostrarum
317 1503 591 1537 marchionalium
619 1503 766 1548 gaudent
795 1508 825 1537 et
858 1503 1081 1549 perfruuntur,
1111 1503 1237 1549 perfrui
1276 1503 1419 1537 debeant
1447 1509 1479 1537 et
1507 1504 1656 1549 gaudere
1685 1509 1799 1550 preter
1832 1504 1958 1538 incolas

98 1568 241 1599 civitatis
270 1569 384 1598 nostre
415 1563 550 1601 ΟΞΠ-011,
580 1575 663 1609 quos
693 1576 736 1598 ex
765 1564 900 1610 speciali
930 1567 1043 1608 gracia
1083 1567 1217 1598 maioris
1254 1564 1422 1610 privilegii
1459 1564 1677 1598 libertacione
1716 1564 1958 1598 libertavimus.

97 1629 188 1672 ipsos
217 1624 257 1659 ab
286 1628 375 1658 omni
404 1625 575 1658 solucione
604 1624 795 1658 eximendo.
849 1624 935 1658 Nulli
965 1636 1048 1669 ergo
1077 1624 1162 1658 hanc
1191 1630 1339 1659 nostram
1370 1625 1589 1659 donacionem
1619 1636 1677 1659 seu
1707 1624 1958 1659 libertacionem

99 1686 207 1732 quoad
236 1689 399 1731 premissa
429 1686 526 1719 liceat
555 1685 741 1729 infringere
762 1685 816 1718 vel
847 1688 876 1718 ei
906 1696 987 1718 ausu
1017 1688 1196 1719 temerario
1217 1688 1396 1719 contraire.
1428 1685 1490 1727 Qui
1511 1690 1621 1719 autem
1642 1696 1740 1719 secus
1761 1690 1959 1731 attemptare

96 1749 337 1792 presumpserit
366 1750 512 1779 nostram
543 1756 684 1790 <gravem
719 1745 986 1789 indignacionem
1016 1750 1275 1791 nostrorumque
1304 1745 1464 1779 heredum
1495 1757 1533 1779 ac
1571 1757 1804 1779 successorum
1844 1746 1961 1792 procul

98 1806 197 1840 dubio
226 1818 263 1840 se
292 1810 409 1840 noscat
438 1809 659 1839 incursurum.
690 1805 811 1839 Datum
842 1805 953 1839 Brune
983 1817 1069 1839 anno
1099 1806 1221 1839 domini
1257 1806 1432 1840 millesimo
1462 1809 1699 1840 trecentesimo
1729 1809 1958 1851 octuagesimo

98 1870 223 1912 quinto.
254 1866 335 1900 feria
366 1866 513 1900 secunda
543 1871 616 1912 post
645 1866 844 1900 dominicam
874 1866 1004 1900 Letare.
1035 1866 1094 1900 sub
1124 1878 1272 1912 appenso
1292 1871 1408 1901 nostro
1429 1867 1538 1911 sigillo
1567 1869 1756 1900 testimonio
1776 1867 1958 1900 literarum.

409 1945 482 1980 (Aus
506 1945 567 1970 dem
592 1954 648 1971 von
679 1945 727 1971 der
759 1945 841 1971 stadt
866 1945 940 1979 ἴῃς,
972 1945 1113 1971 Hradisch
1145 1946 1180 1970 in]
1211 1946 1239 1972 J.
1268 1946 1346 1971 158?
1381 1946 1538 1980 gesigelteu
1570 1945 1692 1971 vidimus
1722 1945 1759 1970 im
1790 1945 1959 1971 Gemeinde-

513 1997 629 2023 arehive
653 1997 702 2023 der
727 1997 810 2023 stadt
834 1998 961 2031 Bisenz.)¹

981 2159 1089 2194 354.

151 2263 240 2297 sz'l
265 2274 331 2297 von
360 2263 552 2308 Sternbery
581 2265 649 2308 auf
670 2263 882 2297 Holeenstee'n
912 2263 1177 2308 homprome'ltirt
1204 2263 1237 2294 in
1267 2262 1329 2295 den
1360 2261 1564 2305 Ausspruck
1593 2261 1651 2294 des
1682 2260 1906 2304 Marhyrafen

152 2323 262 2357 Jodolc
297 2323 476 2368 beze'lylich
514 2324 575 2357 der
610 2325 669 2357 mit
696 2323 798 2357 Peter
838 2335 899 2357 1·οη
930 2324 1085 2363 Israel-ai·
1125 2324 1191 2366 auf
1212 2321 1400 2355 Plumenaa
1434 2321 1604 2365 yelzabten
1635 2320 1908 2364 Streitiqhez'ten.

740 2384 800 2418 Dt.
831 2384 951 2417 Brmm
984 2383 1042 2417 14.
1073 2382 1174 2416 Mar:-
1204 2381 1314 2415 1385.

255 2458 324 2513 leh
354 2479 450 2525 Smyl
478 2490 546 2513 von
575 2479 774 2524 Sternberg.
796 2484 921 2524 genant
952 2489 1019 2511 von
1039 2478 1234 2517 Hoenstain„
1256 2476 1411 2511 bekenne
1432 2476 1587 2510 offenlich
1609 2479 1663 2509 mit
1685 2476 1810 2509 diesem
1831 2475 1962 2519 brieffe,

98 2539 157 2573 das
187 2539 240 2573 ich
270 2539 346 2572 unib
375 2539 438 2573 alle
467 2539 583 2574 sulche
612 2539 726 2583 sache,
757 2539 898 2573 dorumb
928 2539 987 2572 der
1016 2538 1089 2571 edel
1109 2537 1208 2571 Peter
1235 2548 1302 2571 von
1325 2536 1502 2580 Chrawar,
1523 2540 1647 2581 genant
1668 2547 1734 2569 von
1751 2535 1964 2581 Plumpnaw‚

98 2599 162 2633 und
192 2599 257 2643 ich,
287 2600 460 2644 genander
487 2599 679 2646 kempss'lich
719 2599 922 2646 ansprachig
961 2601 1031 2632 sein
1068 2609 1243 2642 gewesem
1274 2597 1332 2631 des
1370 2596 1634 2641 hochgebornen
1670 2595 1797 2629 fursten
1837 2599 1965 2629 meines

97 2659 207 2693 lieben
236 2660 406 2705 gnedigen
435 2660 557 2693 herren
589 2660 775 2705 marggraff
808 2659 920 2693 Jostes
958 2658 1225 2704 entscheydung‚
1256 2657 1307 2691 die
1347 2669 1383 2691 er
1416 2657 1614 2702 geteydingt
1653 2655 1719 2698 hat,
1759 2659 1814 2689 mit
1851 2655 1965 2689 willen
