2336 3074
996 194 1062 226 321

103 294 233 328 Fideles
250 295 370 328 dilecti.
389 294 631 328 Committimus
648 294 744 328 vobis
761 299 791 328 et
810 297 1002 330 mandamus
1020 297 1228 343 presentibus
1245 300 1386 330 seriose.
1399 301 1560 342 quatenus
1578 297 1688 330 vittam
1707 296 1961 330 Rasschowicz.

100 366 196 400 quam
226 355 422 389 Mistliborio
452 357 639 388 camerario
669 360 783 388 nostro
813 356 945 389 dedisse
975 357 1189 394 dinoscimun
1211 360 1282 391 sine
1312 357 1475 390 dilacione
1504 361 1624 391 statim.
1646 369 1719 390 cum
1751 356 1962 402 presentibus

100 415 228 449 fueritis
257 418 419 461 requisiti,
450 414 649 449 intabuletis.
680 415 799 449 Datum
831 416 1014 450 Olomuucz
1044 418 1126 451 feria
1157 423 1252 451 sexta
1284 421 1314 451 in
1344 422 1463 451 octava
1493 417 1681 464 epiphanie.

411 494 501 528 (orig.
527 495 608 527 Perg.
633 493 757 527 beigedr.
783 494 840 526 Sig.
865 495 900 519 iin
927 496 1014 520 iniilir.
1040 497 1296 530 I„.·1ndesarchive.)

981 649 1088 684 348.

332 750 523 796 Eroffmmy
552 751 612 784 des
640 750 804 784 Brimner
834 751 1069 786 Landreehtes
1098 753 1202 786 durch
1233 754 1297 786 den
1326 753 1553 797 dlarlsyrafen
1584 752 1731 797 Proltop.

805 812 863 847 Dt.
897 812 954 846 15.
984 813 1118 847 «Ιάηηεν
1148 813 1257 847 1385.

255 887 372 941 Anno
415 907 538 941 domini
576 908 750 942 millesimo
798 912 1033 943 trecentesimo
1079 912 1308 954 octoagesimo
1348 912 1460 954 quinto
1499 908 1663 941 dominica
1694 911 1846 953 proxima
1884 912 1958 954 post

96 972 234 1003 octavas
251 967 427 1014 epiphanie
451 967 654 1001 celebratum
672 973 721 1002 est
741 968 940 1014 colloquium
966 969 1211 1015 presidentibus
1231 972 1447 1003 serenissimo
1468 971 1617 1015 principe
1638 969 1770 1002 domiuo
1792 968 1956 1014 Procopio

95 1028 290 1063 marchione
318 1028 471 1062 Moravie
500 1039 561 1074 per
588 1028 716 1062 nobiles
743 1028 944 1063 Cztiborium
976 1030 1016 1063 de
1037 1029 1210 1076 Cymburg
1238 1041 1428 1076 supremum
1459 1040 1692 1063 camerarium.
1715 1029 1955 1062 Bohunconem

95 1089 135 1123 (16
165 1088 313 1123 Stihnicz
342 1089 532 1122 czudarium
563 1094 595 1123 et
623 1089 797 1123 Nicolaum
827 1101 1018 1135 supremum
1048 1093 1224 1125 notarium.
1254 1090 1464 1136 presentibus
1494 1089 1658 1123 nobilibus
1686 1089 1893 1123 Benesschio
1915 1088 1956 1122 de

95 1149 313 1185 Chrumnaw.
352 1149 449 1183 Petro
486 1149 526 1183 de
564 1149 764 1195 Sternberg‚
802 1150 995 1184 Hermanno
1042 1151 1081 1184 de
1120 1150 1331 1193 Novadomo,
1369 1150 1523 1184 Johanne
1560 1150 1664 1184 Pusca
1703 1150 1743 1183 de
1782 1149 1955 1186 Chunstat„

93 1209 288 1244 Jarosschio
317 1209 358 1243 (16
387 1209 573 1256 Cymburg‚
604 1210 762 1245 Sulicone
792 1212 832 1245 de
859 1211 997 1248 Konicz.
1024 1211 1177 1245 Jaroslao
1207 1211 1247 1245 de
1277 1210 1476 1255 Sternberg,
1506 1210 1670 1256 Smylone
1699 1210 1739 1243 de
1768 1210 1955 1247 Pernstain„

93 1270 276 1304 Wilhelmo
319 1271 360 1305 de
402 1270 564 1305 Chunstat
601 1271 682 1305 alias
719 1271 760 1305 de
798 1271 942 1309 Luczka,
982 1272 1095 1306 Ulrico
1135 1276 1165 1305 61
1207 1271 1358 1305 Tassone
1396 1272 1436 1305 de
1472 1270 1688 1306 BozkowicZ.
1727 1270 1875 1317 Philippo
1915 1270 1956 1303 de

93 1330 268 1375 Jacobam
311 1330 506 1365 Proczkone
549 1331 589 1365 (16
631 1331 823 1378 Lompnicz⁷
861 1331 1042 1366 lVankone
1086 1331 1126 1365 de
1164 1331 1378 1365 Pothenstain
1415 1336 1446 1365 et
1481 1331 1553 1364 aliis
1591 1330 1738 1377 pluribus
1776 1330 1953 1365 nobilibus,

94 1402 233 1438 quorum
263 1394 435 1425 intererat.

403 1470 477 1505 (Aus
501 1470 551 1496 der
574 1471 750 1504 gedruckten
774 1471 904 1496 Briinner
928 1472 1080 1497 Landtafel
1105 1481 1132 1505 p⁴
1160 1471 1239 1505 155.)

973 1615 1081 1651 349.

93 1718 259 1753 Bernard
286 1718 399 1752 Hecht
429 1730 492 1752 con
521 1718 782 1764 Sckz'c'tzendorf
803 1719 943 1754 schenkl
971 1720 1032 1753 der
1061 1718 1190 1752 li'irclze
1219 1720 1250 1751 ῖη
1276 1718 1422 1752 Cleolae'na
1451 1719 1548 1752 einen
1569 1718 1759 1751 Fiscleleicle
1788 1718 1951 1752 (Iaselbst.

748 1779 805 1813 Dt.
840 1780 871 1814 1.
904 1779 1061 1813 Februar
1092 1778 1187 1812 1385
1217 1791 1242 1812 s.
1273 1779 1294 1812 l.

249 1854 294 1908 'n
323 1877 457 1908 nomine
486 1874 610 1908 (101111111
638 1886 748 1909 11111611.
778 1874 848 1909 Nos
869 1875 1083 1909 Bernhardus
1112 1875 1217 1908 dictus
1237 1874 1345 1908 Hecht
1374 1874 1415 1908 de
1436 1873 1662 1920 Syczendorli'
1678 1879 1789 1907 notum
1811 1874 1950 1908 facimus

91 1939 208 1969 tenore
236 1938 446 1981 presencium
476 1938 654 1969 universis.
692 1936 787 1977 Quod
817 1948 891 1970 cum
921 1937 960 1970 ad
990 1937 1133 1970 humane
1162 1940 1278 1968 nature
1308 1934 1521 1979 fragilitatem
1552 1937 1682 1968 interne
1720 1934 1950 1968 meditacionis

90 1995 205 2029 oculos
235 1998 532 2038 convertissemus,
563 1996 642 2030 nihil
670 2000 857 2031 securitatis
896 2001 927 2030 in
964 1997 1089 2030 caduco
1128 1998 1364 2041 conspeximus
1401 1995 1575 2041 plasmate,
1610 1998 1672 2029 nisi
1711 1995 1796 2040 quod
1836 1994 1949 2030 homo.

90 2058 183 2101 quasi
212 2055 273 2090 flos
302 2058 334 2089 in
365 2056 519 2089 mundum
549 2068 709 2101 egressus
738 2057 778 2091 (16
807 2062 914 2093 utero.
945 2057 1050 2091 subito
1081 2068 1159 2090 casu
1180 2060 1364 2102 prostratus
1393 2056 1433 2089 de
1462 2055 1571 2089 medio
1593 2055 1675 2099 fugit
1696 2055 1786 2089 velut
1810 2054 1948 2088 umbra:

90 2117 229 2161 provida
259 2115 506 2150 deliberacione
540 2119 572 2150 in
607 2122 718 2151 mente
755 2121 994 2153 constituimus.
1024 2122 1057 2150 ut
1096 2128 1146 2159 ea,
1185 2127 1248 2161 que
1286 2118 1377 2149 racio
1412 2118 1444 2149 in
1482 2115 1595 2149 seculo
1634 2118 1748 2160 sagaci
1785 2117 1948 2159 conquirit

90 2176 261 2219 industria,
292 2176 341 2210 his
371 2179 479 2210 anima
509 2181 608 2211 exuta
644 2189 662 2211 a
701 2189 844 2224 corpore
881 2181 911 2212 in
951 2177 1128 2212 celestibus
1167 2177 1292 2210 deliciis
1329 2176 1531 2222 perfruatur.
1589 2176 1800 2221 Quapropter
1839 2178 1948 2208 animo

90 2236 285 2280 deliberato,
327 2237 498 2271 voluntate
548 2237 651 2271 libera
695 2243 727 2272 et
769 2239 809 2272 de
851 2244 940 2272 ccrta
984 2242 1095 2271 nostra
1139 2240 1296 2280 sciencia,
1339 2239 1520 2270 amicorum
1571 2241 1758 2269 nostrorum
1806 2234 1948 2280 provido

88 2297 270 2331 accedente
299 2298 451 2341 consiti0,
481 2299 554 2333 zelo
584 2299 695 2332 divine
724 2299 957 2332 retribucionis
996 2303 1024 2331 et
1056 2302 1228 2344 parentum
1267 2301 1455 2331 nostrorum
1495 2296 1536 2329 ob
1573 2297 1712 2329 salutem
1751 2298 1946 2329 animarum.

87 2360 247 2404 piscinam
277 2364 437 2394 nostram.
467 2363 499 2393 in
529 2360 605 2393 villa
636 2364 748 2393 nostra
779 2360 917 2393 t'liolina
948 2362 1109 2392 iacentem
1132 2361 1217 2391 inter
1237 2357 1414 2391 curticulas
1443 2359 1516 2390 sive
1537 2356 1688 2389 subsides
1710 2355 1770 2389 sub
1791 2355 1946 2388 ecclesia.

88 2419 194 2452 eidem
226 2418 370 2453 ecclesie
399 2420 571 2454 adicimus.
602 2420 820 2454 adscribimus
850 2425 879 2453 et
910 2422 1174 2465 appropriamus.
1205 2422 1235 2451 61
1273 2417 1414 2463 plebano
1453 2416 1585 2450 ibidem.
1616 2419 1669 2461 qui
1709 2420 1757 2449 est
1796 2420 1849 2448 aut
1887 2426 1948 2460 pro

89 2483 238 2525 tempore
267 2479 376 2523 suerit,
407 2480 567 2516 dedimus.
598 2481 807 2515 contulimus.
829 2480 943 2513 damus
974 2484 1002 2512 et
1033 2478 1248 2520 conformius,
1270 2477 1331 2511 sibi
1361 2482 1391 2510 et
1413 2480 1480 2510 suis
1507 2475 1770 2509 successoribus.
1792 2475 1947 2508 videlicet

89 2539 204 2573 suturis
233 2539 395 2585 plebanis„
417 2540 605 2576 tenendam.
628 2540 812 2574 habendam
844 2545 873 2573 et
895 2551 968 2573 cum
990 2540 1087 2585 pleno
1109 2539 1253 2571 dominio
1274 2540 1442 2583 perpetuis
1465 2536 1667 2582 temporibus
1688 2536 1944 2581 possidendam:

89 2609 153 2633 non
183 2599 335 2633 obstante
364 2600 471 2645 aliqua
502 2603 643 2646 cuipiam
673 2612 817 2646 persone
847 2600 932 2633 faeta
964 2599 1218 2632 intabulacione.
1249 2598 1369 2631 nullam
1400 2599 1593 2642 porcionem
1624 2595 1730 2630 nobis.
1766 2595 1944 2629 heredibus

87 2662 210 2693 nostris
238 2664 291 2693 aut
330 2660 582 2694 successoribus
612 2664 643 2694 in
682 2661 798 2694 eadem
833 2663 958 2706 piscina
998 2663 1224 2692 reservantes
1281 2657 1329 2691 Ita
1368 2662 1489 2690 tamen.
1530 2661 1560 2689 ut
1600 2659 1732 2689 nomina
1771 2660 1943 2701 parentum

1740 2723 1769 2747 41
