2336 3074
1203 187 1276 219 500

1193 342 1300 378 581.

501 448 648 492 Bis-cleos
673 448 840 481 ,wli-omns
872 459 934 480 ron
968 448 1100 481 (llmillz
1129 447 1254 492 lwfree'!
1284 447 1337 480 die.
1366 446 1469 480 stadt
1499 446 1648 479 Zwillmt
1679 457 1752 479 rom
1783 446 1978 491 llev'mfalle.

911 508 965 542 Ι)Ι.
1001 509 1145 545 (Minius.
1178 508 1209 542 7.
1242 507 1435 542 December
1468 506 1575 541 1389.

468 586 511 640 'n
547 609 680 640 nomine
719 605 841 639 domini
879 616 987 639 amen.
1036 605 1105 638 Nos
1142 604 1299 638 Nicolaus
1338 604 1389 638 dei
1428 609 1457 637 et
1496 603 1679 649 apostolice
1716 603 1805 638 sedis
1843 606 1957 648 gracia
1997 606 2175 649 episcopus

311 668 542 700 Olonna-ensis
571 667 610 700 ad
641 671 834 713 perpetuam
865 669 912 700 rei
943 669 1136 700 memoriani
1166 665 1423 699 notuinl'acinnis
1454 669 1570 698 tenore
1600 667 1809 710 presencium
1850 667 2026 699 universis.
2072 663 2109 698 Et
2149 667 2174 698 si

310 728 549 761 ohserxancias
578 732 605 761 ct
637 728 895 761 consuetudines
925 731 1078 761 servatas
1107 725 1147 759 ab
1177 729 1311 771 antiqno
1339 736 1400 771 pro
1429 725 1605 759 connnodo
1644 728 1692 760 cis
1730 728 1896 759 utenciuin
1931 727 2049 759 niutari
2087 736 2175 758 con-

309 791 416 833 tigerit
449 789 502 822 vel
532 791 562 822 in
593 788 709 822 melius
739 788 929 824 reformari.
960 799 1023 821 non
1054 792 1103 821 est
1133 786 1398 832 reprehensibile
1427 786 1485 820 sed
1517 789 1634 819 merito
1660 786 1973 829 coinmemlanduin,
2003 796 2077 819 cum
2099 787 2174 830 jura

309 855 338 883 et
369 855 488 883 statuta
519 852 706 883 maturitate
735 849 863 891 ‹lif-resta
886 860 945 895 pro
966 849 1122 894 qualitate
1143 848 1292 881 locorum
1314 851 1346 881 et
1365 858 1584 893 personarum
1606 858 1686 893 sepe
1709 851 1874 881 mutentur
1898 851 1929 881 et
1951 847 2175 881 reformentur

309 923 361 946 eo.
392 911 478 956 qnod
509 915 623 944 natura
654 921 788 956 semper
817 910 1016 955 deproperat
1048 920 1153 943 novas
1183 909 1284 942 edere
1314 907 1439 942 forinas
1469 912 1499 941 ct
1529 908 1629 942 nichil
1658 911 1698 942 sit
1728 910 1758 941 in
1788 919 1900 941 rerum
1930 912 2058 944 natura,
2089 907 2174 953 quod

310 975 340 1005 in
370 983 434 1005 uno
464 976 549 1005 statu
580 974 761 1016 persistere
791 971 899 1004 valcat
930 975 962 1004 et
991 981 1139 1003 manci-c.
1188 970 1278 1003 Sane.
1308 969 1427 1003 dudum
1458 980 1500 1002 ex
1530 980 1590 1002 usu
1620 973 1652 1002 et
1681 969 1922 1003 consuetudine
1951 968 2174 1003 observancia

310 1038 340 1066 et
366 1034 442 1077 jure
473 1037 561 1066 terre
591 1032 812 1065 introductum
844 1031 902 1065 l'uit
936 1036 968 1065 et
1006 1034 1111 1064 eciam
1151 1030 1366 1065 observatum
1403 1032 1435 1063 in
1471 1032 1606 1064 civitate
1644 1034 1757 1064 nostra
1788 1029 1986 1072 Czwitavia‚
2024 1032 2108 1064 sicut
2145 1031 2176 1062 in

310 1093 380 1127 aliis
419 1092 607 1127 civitatibus
641 1097 673 1126 ct
701 1092 783 1126 locis
813 1095 1026 1138 episcopatus
1056 1091 1200 1125 ecclesie
1229 1095 1344 1124 nostre
1374 1090 1619 1133 Olomuccnsis‚
1659 1090 1746 1136 quod
1785 1090 1916 1136 quando
1946 1093 2017 1135 quis
2055 1093 2175 1135 incepit

310 1154 480 1195 inlirinari‚
511 1156 564 1198 qui
594 1164 659 1186 non
690 1152 802 1186 habuit
832 1152 975 1187 heredes
1004 1152 1171 1197 legitimos
1200 1152 1255 1185 vel
1285 1154 1311 1185 si
1342 1151 1451 1185 hahuit
1482 1156 1515 1185 et
1545 1151 1676 1185 fuerunt
1705 1151 1745 1185 ab
1775 1162 1815 1185 eo
1845 1151 1954 1191 divisi„
1985 1162 2051 1185 non
2074 1153 2178 1197 potuit

310 1216 350 1249 de
381 1215 474 1249 bonis
505 1219 534 1248 ct
566 1214 665 1248 rebus
695 1217 762 1248 suis
792 1214 908 1259 legare
939 1213 1064 1247 donare
1094 1215 1208 1247 testari
1237 1224 1300 1246 nec
1338 1212 1517 1258 disponere
1555 1222 1614 1258 pro
1653 1224 1711 1246 sua
1751 1212 1860 1246 ultima
1898 1212 2080 1255 voluntate,
2119 1211 2176 1246 sed

311 1281 383 1322 post
427 1280 566 1309 mortem
605 1275 691 1309 bona
731 1286 790 1321 per
827 1277 931 1320 ipsum
972 1274 1130 1308 derelicta
1169 1274 1208 1307 ad
1244 1273 1508 1319 predecessores
1546 1278 1680 1307 nostros
1718 1275 1895 1319 episcopos
1935 1273 2178 1307 Oloinuccnses

312 1340 495 1371 existentes
525 1347 584 1382 pro
615 1341 777 1381 tempore.
816 1338 976 1381 quociens
1015 1339 1046 1368 et
1083 1334 1214 1380 qnando
1245 1334 1316 1368 talis
1345 1346 1443 1368 casus
1473 1337 1637 1377 evenerit,
1676 1334 1810 1367 fuerunt
1839 1334 1973 1367 realiter
2007 1333 2174 1368 devoluta.

312 1397 350 1431 Et
383 1398 457 1431 licet
488 1397 552 1430 hoc
581 1397 652 1431 aliis
681 1402 817 1443 propter
846 1397 1011 1430 modicum
1041 1396 1167 1429 lucrum
1197 1396 1274 1429 utile
1304 1395 1492 1437 videbatur,
1532 1400 1641 1429 tamen
1679 1406 1723 1428 ex
1761 1406 1801 1429 eo
1839 1395 1937 1428 multa
1968 1394 2177 1428 incommoda

311 1463 339 1491 et
371 1458 518 1504 pericula
548 1457 785 1503 sequebantur,
815 1461 913 1503 prout
942 1457 1053 1490 docuit
1081 1459 1297 1502 experiencia
1319 1456 1520 1502 quotidiana‚
1551 1467 1615 1501 quc
1635 1467 1747 1489 reruni
1769 1458 1913 1489 omnium
1935 1459 1985 1489 est
2006 1452 2176 1500 magistra.

313 1519 394 1552 Nam
426 1519 515 1552 inulti
545 1517 775 1552 habundantes
804 1517 905 1552 rebus
935 1516 1173 1563 temporalibus
1202 1521 1234 1550 et
1263 1521 1417 1551 carentes
1447 1516 1626 1551 heredibus
1655 1517 1812 1561 legitimis
1850 1516 1925 1550 talia
1962 1515 2178 1549 formidantes

312 1584 512 1625 receperunt
542 1579 714 1612 licenciam
745 1583 775 1612 et
812 1579 852 1612 ad
882 1579 956 1613 loca
986 1579 1195 1612 dominorum
1225 1578 1363 1611 aliorum
1398 1582 1497 1623 atque
1535 1577 1679 1611 dominia
1718 1581 1953 1620 rccesserunt3
1992 1577 2045 1610 alii
2083 1587 2177 1618 vcro.v

312 1643 364 1685 qui
394 1643 543 1685 graciam
579 1639 764 1673 habuerunt
794 1639 936 1673 intrandi
967 1642 1135 1673 civitatem
1166 1639 1207 1673 de
1236 1638 1331 1672 bonis
1361 1638 1489 1676 alienis„
1529 1641 1560 1671 in
1598 1637 1715 1683 quibus
1751 1637 1913 1672 hactenus
1952 1636 2178 1679 morabantur,

313 1701 516 1734 detestantes
545 1700 644 1734 talem
674 1700 963 1739 consuetudinem„
993 1703 1025 1734 in
1054 1703 1121 1734 suis
1151 1700 1233 1734 locis
1254 1704 1500 1743 remanserunt,
1530 1699 1584 1732 alii
1605 1710 1687 1733 vero
1709 1703 1881 1732 manentes
1902 1701 1933 1732 in
1954 1701 2024 1744 ipsa
2045 1700 2178 1731 civitate

313 1774 363 1797 ea.
399 1773 462 1806 que
493 1761 690 1803 hahuerunh
728 1766 1007 1807 consumpserunt
1043 1766 1075 1794 et
1112 1761 1390 1806 dilapidaverant,
1429 1760 1580 1794 nolentes
1618 1761 1705 1805 quod
1744 1760 1784 1793 de
1822 1759 1917 1793 bonis
1953 1769 2068 1793 eorum
2107 1763 2181 1804 post

315 1827 454 1856 mortem
485 1825 630 1867 ipsorum
662 1822 782 1867 aliquid
811 1826 1003 1855 remaneret
1032 1826 1063 1855 et
1101 1825 1149 1856 sic
1187 1820 1322 1867 quilibet
1358 1832 1423 1855 non
1461 1820 1630 1866 cogitabat
1667 1820 1708 1854 de
1743 1819 1843 1854 rebus
1878 1822 1946 1854 suis
1984 1822 2179 1865 prospicere

314 1894 422 1928 neque
452 1882 568 1915 suturis
598 1883 782 1916 commodis
812 1882 1023 1925 intendebat3
1052 1883 1140 1916 unde
1169 1893 1346 1916 commune
1375 1881 1498 1915 bonum
1528 1884 1561 1915 in
1590 1884 1660 1927 ipsa
1690 1884 1786 1927 periit
1815 1883 1950 1915 civitate
1980 1885 2012 1914 et
2040 1879 2181 1914 finaliter

314 1942 478 1987 vergebat
508 1945 538 1976 in
569 1942 835 1977 destruccionem
867 1946 937 1977 eius
967 1947 998 1977 in
1028 1943 1204 1989 dampnum
1234 1947 1384 1977 nostrum
1414 1947 1447 1977 et
1480 1945 1581 1988 ipsius
1619 1942 1764 1977 ecclesie
1801 1946 1916 1976 nostre
1947 1941 2180 1975 Olomucensis

314 2003 531 2049 prejudicium
563 2003 786 2037 manifestum.
826 2003 907 2046 Nos,
946 2016 1028 2049 quos
1067 2004 1245 2038 altissimus
1280 2015 1345 2038 non
1384 2006 1506 2038 nostris
1546 2006 1671 2037 meritis
1700 2006 1761 2049 ipsi
1792 2002 2006 2037 Oloniucensi
2035 2002 2179 2036 ecclesie

313 2075 451 2110 preesse
495 2064 668 2109 disposuit.
725 2064 878 2098 volentes
916 2064 1076 2098 adhibere
1114 2065 1168 2098 tali
1207 2064 1323 2098 morbo
1365 2075 1550 2109 congruam
1588 2064 1785 2098 medicinam
1821 2074 1860 2096 ac
1897 2074 1958 2097 nos
1997 2062 2110 2096 divino
2149 2067 2178 2096 et

315 2124 459 2158 humano
484 2126 552 2168 juri
581 2129 737 2170 quantum
767 2136 943 2170 possumus
961 2124 1186 2163 conformare„
1212 2125 1252 2158 de
1273 2125 1412 2159 consilio
1434 2127 1676 2159 convenicncia
1697 2129 1729 2158 et
1749 2135 1916 2158 consensu
1938 2122 2180 2157 honorabilium

315 2188 465 2218 virorum
496 2185 703 2219 dominorum
735 2185 852 2219 decani
881 2188 1041 2231 prepositi
1079 2190 1111 2218 et
1148 2185 1280 2231 capituli
1319 2186 1405 2219 dicte
1443 2185 1588 2220 ecclesie
1626 2190 1740 2219 nostre
1779 2184 2012 2219 Olomucensis
2042 2183 2179 2218 fratrum

316 2250 506 2279 nostrorum
536 2248 786 2279 carissimorum
816 2249 847 2279 in
878 2246 1020 2291 capitulo
1050 2257 1165 2279 corum
1186 2246 1338 2290 generali
1368 2246 1592 2288 consideratQ
1632 2246 1717 2291 quod
1749 2249 1817 2291 ipsa
1848 2248 1966 2279 civitas
1996 2244 2180 2279 Czwitavia

314 2311 450 2352 propter
480 2306 617 2340 hostiles
646 2307 784 2340 insultus
813 2309 931 2340 maiori
960 2307 1085 2351 indiget
1115 2307 1265 2341 custodia
1296 2306 1488 2340 fortitudine
1518 2311 1551 2340 et
1580 2309 1791 2340 munimentis
1820 2311 1852 2339 et
1881 2309 1986 2339 eciam
2023 2310 2056 2339 ut
2093 2317 2181 2339 con-

315 2370 408 2401 cives
438 2367 559 2401 habeat
589 2371 695 2412 magis
725 2368 863 2402 idoneos
893 2373 926 2401 et
955 2367 1117 2402 habentes
1147 2367 1304 2401 meliores
1334 2371 1366 2400 et
1399 2366 1564 2402 forciores
1602 2378 1642 2400 ac
1680 2369 1785 2412 ipsam
1825 2370 1995 2401 civitatem
2034 2371 2180 2400 nostram

316 2431 346 2460 in
378 2427 521 2462 turribus
551 2431 652 2462 inuris
683 2428 833 2462 menibus
863 2431 1017 2474 parcanis
1046 2431 1150 2474 portis
1180 2432 1212 2461 et
1240 2428 1338 2462 fossis
1369 2433 1401 2461 et
1430 2428 1501 2462 aliis
1540 2427 1834 2461 fortilicacionilms
1872 2427 1912 2461 ad
1951 2427 2180 2461 defensionem

316 2491 517 2522 necessariis
556 2491 684 2522 munire
723 2489 857 2523 valcant
896 2494 926 2522 et
965 2488 1110 2532 firmare,
1158 2491 1259 2534 ipsius
1295 2491 1438 2523 civitatis
1476 2488 1626 2522 custodie
1663 2490 1818 2523 insistere
1857 2492 1889 2522 et
1926 2487 2181 2522 necessitatibus

314 2548 507 2593 providere,
547 2560 564 2581 a
600 2549 684 2582 dicta
714 2549 956 2583 consuetudine
986 2554 1018 2583 et
1047 2549 1269 2583 observancia
1299 2552 1347 2583 sic
1376 2549 1537 2582 hactenus
1566 2553 1655 2582 tenta
1694 2554 1723 2582 et
1763 2548 1942 2583 observata
1980 2551 2182 2582 recessimus

316 2613 345 2641 et
378 2609 565 2643 recedimus
595 2610 635 2643 ‹le
664 2615 755 2643 certa
785 2614 897 2644 nostra
928 2613 1073 2644 sciencia
1103 2622 1163 2656 per
1192 2614 1378 2656 presentes„
1409 2612 1581 2655 cupientes
1607 2610 1771 2645 modicum
1793 2610 1920 2644 lucrum
1940 2609 2028 2643 bone
2056 2609 2183 2642 meliori

317 2668 480 2702 salubrius
510 2681 742 2715 compensare.
786 2670 827 2703 Et
866 2675 898 2704 ut
934 2670 1040 2704 incole
1075 2671 1223 2705 eiusdem
1262 2675 1376 2704 nostre
1415 2673 1557 2704 civitatis
1596 2682 1635 2703 eo
1675 2670 1843 2704 fideliores
1882 2675 1914 2704 et
1943 2670 2180 2714 diligenciores
