2336 3074
1278 199 1352 233 296

384 304 477 337 nobis
509 305 563 338 suit
596 305 761 339 humiliter
790 306 1020 351 supplientum.
1051 310 1081 338 ut
1119 305 1300 351 predictam
1331 308 1536 339 sentem-ium
1576 318 1635 352 per
1673 307 1793 340 dietum
1833 311 2108 341 conservatorem
2148 307 2246 341 latam

383 366 492 399 debite
523 370 719 400 exeeueioui
751 367 897 399 mundari
930 367 1042 399 l'aeere
1073 371 1101 399 el
1137 366 1218 399 alias
1248 369 1295 399 eis
1326 369 1355 399 iu
1386 370 1559 412 premissis
1597 367 1777 413 providere
1816 368 1856 401 (le
1895 373 2060 413 oportuno
2098 368 2247 402 remedio

383 427 610 470 dignaremur.
654 428 718 459 Nos
750 430 847 469 igitur
878 427 1064 460 huiusmodi
1095 426 1397 472 supplieaeionibus
1427 428 1571 461 ineliuuti
1602 427 1802 461 discrecioni
1832 433 1946 462 vesu-1·
1976 440 2035 474 per
2064 429 2247 474 apostoliea

383 491 504 533 scripta
536 489 741 521 unnuluuius.
773 490 925 532 quatinus
962 499 1023 521 vos
1062 488 1116 521 vel
1152 488 1216 520 duo
1253 492 1304 520 aut
1344 499 1426 520 unus
1457 493 1604 522 vestrum
1642 500 1701 534 per
1738 500 1800 522 vos
1838 489 1892 522 vel
1928 489 2026 522 alium
2065 501 2124 523 seu
2163 489 2246 522 alios

383 549 563 594 preilietzuu
595 551 799 581 sentenciam
831 549 906 581 ‹lieti
937 551 1200 582 conservatoris.
1231 551 1312 581 sieut
1353 549 1493 594 provide
1532 549 1595 582 lata
1631 554 1692 585 est.
1734 549 1862 583 l'ueialis
1899 552 2096 583 auctoritate
2134 554 2247 583 nostra

383 608 519 642 lirmiter
548 609 733 642 observari.
782 608 816 642 ΕΙ
858 608 1089 643 nichilomiims
1129 613 1192 641 lam
1232 613 1347 642 eontra
1386 608 1491 642 ‹lietos
1529 612 1718 653 armigeros
1766 621 1862 655 quam
1901 614 2016 643 eontra
2063 609 2249 644 huiusmodi

383 673 526 703 intrusos
557 674 584 701 et
618 669 832 702 inti-iuleiulos
862 674 934 714 post
965 672 1170 703 sentenciam
1202 672 1303 715 ipsius
1341 673 1593 703 conservatoris
1632 670 1813 716 predictam
1853 670 1960 715 quoad
1999 673 2248 716 possessionem

383 731 545 764 villorum.
576 731 671 765 silve.
703 735 883 776 pratorum.
916 742 1128 776 pascuorum.
1158 730 1341 763 rivulorum
1371 735 1401 763 et
1432 742 1590 775 aquarum
1621 731 1799 764 decursum
1829 731 1989 764 duntaxat
2026 734 2105 777 ipsis
2136 730 2245 765 abbati

382 796 410 824 et
443 795 621 824 eonveutui
652 794 846 824 monasterii
877 791 1035 825 Lucensis
1066 791 1259 824 tradendam
1300 791 1437 837 perinde
1468 791 1668 837 procedatis,
1699 803 1739 825 uc
1768 794 1794 825 si
1825 792 1910 825 (licta
1940 795 2111 826 sentencia
2145 794 2248 838 ipsius

382 855 635 885 conservatoris
664 856 778 885 eontra
811 855 955 885 intrusos
985 856 1014 884 el
1047 852 1263 885 iutrudeudos
1294 851 1479 885 huiusmodi
1518 852 1581 885 lala
1612 852 1698 885 l'oret
1727 864 1766 885 ac
1797 855 1902 886 eciam
1939 864 2119 898 processus
2148 863 2249 898 supcr

382 912 442 945 hiis
486 912 668 946 habendos.
713 915 872 957 quociens
915 924 998 958 opus
1041 912 1150 948 fuerit.
1193 916 1400 957 aggravetis.
1445 912 1710 946 contradictores
1753 924 1813 959 per
1855 924 2034 947 censuram
2079 913 2249 947 ccclesia—

378 976 492 1005 sticum
537 973 765 1018 appellat-ioue
804 975 985 1018 postposita
1028 973 1288 1017 compesceudm
1328 976 1484 1006 invocato
1539 973 1579 1007 ad
1630 972 1705 1016 hoc,
1749 977 1776 1007 si
1825 985 1907 1019 opus
1957 974 2068 1017 suerit,
2125 973 2249 1007 auxilio

381 1033 506 1066 brachii
546 1033 718 1066 secularis.
759 1033 832 1066 Nou
871 1033 1035 1069 obstante.
1073 1036 1099 1066 si
1139 1033 1275 1078 prefatis
1311 1037 1489 1073 arium-eris
1526 1034 1578 1068 vel
1617 1034 1788 1080 quibusvis
1826 1035 1897 1068 aliis
1936 1037 2157 1069 communiter
2195 1034 2250 1069 vel

379 1094 510 1127 divisim
549 1093 589 1126 ab
635 1094 750 1127 eadem
796 1097 837 1127 sit
883 1094 963 1127 sede
1010 1093 1180 1131 indultum.
1217 1095 1303 1140 quod
1351 1095 1514 1134 interdici,
1551 1095 1709 1141 suspendi
1756 1095 1811 1129 vel
1853 1098 2138 1129 excommunicari
2183 1106 2250 1129 non

379 1158 502 1200 possint
533 1165 592 1199 per
622 1155 747 1187 litteras
777 1154 978 1200 apostolicas
1017 1165 1081 1187 uon
1120 1154 1281 1189 facientes
1321 1155 1452 1201 plenam
1482 1160 1514 1189 et
1543 1166 1740 1201 expressam
1770 1167 1810 1189 ac
1839 1155 1879 1189 de
1909 1155 2015 1189 verbo
2044 1155 2084 1189 ad
2106 1154 2248 1190 verbum

381 1216 421 1248 de
460 1215 583 1248 indulto
622 1215 808 1248 huiusmodi
848 1218 1070 1249 mencionem.
1120 1215 1239 1249 Datum
1276 1215 1416 1262 Neapoli
1454 1216 1538 1262 apud
1576 1219 1735 1249 maiorem
1776 1216 1954 1250 ecclesiam
1994 1214 2248 1262 Neapolitanam

380 1275 531 1309 kalendis
561 1276 699 1321 Aprilis.
730 1275 940 1321 pontificatus
971 1279 1074 1309 nostri
1105 1287 1192 1309 anno
1222 1281 1331 1310 sexto.

695 1355 785 1389 (orig.
813 1355 893 1387 Perg,
919 1355 945 1379 li.
972 1355 1112 1380 Bleibulle
1137 1355 1165 1380 in
1190 1355 1243 1380 deu
1269 1355 1364 1381 Akten
1389 1355 1438 1380 des
1462 1355 1590 1381 Brut-ker
1614 1355 1745 1381 Klosters
1771 1355 1807 1380 im
1832 1355 1919 1381 miihr.
1946 1354 2201 1390 Landosarchive.)

1265 1509 1374 1544 325.

380 1613 531 1647 Joleann.
563 1612 777 1657 Erz-bisehof
802 1624 864 1646 ron
896 1613 1001 1657 Pray,
1031 1613 1232 1658 beauflrafst
1261 1613 1323 1646 den
1354 1612 1425 1646 Ab!
1453 1613 1512 1646 des
1534 1612 1694 1646 Klosters
1718 1612 1902 1657 obi-owen,
1924 1614 1979 1647 die
2008 1613 2248 1657 Anyustiner-

382 1674 558 1707 Eremiten
592 1676 623 1707 in
648 1674 814 1708 Gen-ilseh
846 1675 914 1707 mid
933 1675 1064 1708 andere
1087 1674 1227 1708 Isloster
1247 1673 1424 1707 desselben
1450 1673 1584 1707 Ordens
1605 1675 1637 1707 ile
1659 1674 1720 1707 der
1743 1673 1916 1707 Olmatz-er
1937 1675 2004 1707 aad
2025 1674 2251 1719 Leilomysler

385 1735 535 1769 Diae-ese
565 1747 672 1779 qeqen
703 1736 757 1769 die
787 1735 984 1779 Selu'lcle'qei·
1024 1735 1117 1768 ilci-ei·
1146 1735 1354 1778 I'rire'leyien
1390 1746 1431 1767 zu
1469 1734 1642 1768 selee'ltzen.
1701 1734 1759 1767 Dt.
1791 1734 1884 1778 Praq
1915 1733 1972 1768 18.
2004 1735 2109 1779 April
2138 1733 2247 1768 1384.

538 1812 731 1865 Joliannes
761 1832 813 1865 dei
842 1834 956 1875 gracia
987 1836 1102 1865 sancte
1122 1831 1303 1875 Pragensis
1333 1831 1476 1864 ecclesie
1497 1830 1770 1875 archiepiscopus
1799 1830 1982 1876 apostolice
2002 1830 2091 1865 sedis
2118 1831 2248 1875 legatus

383 1892 566 1925 venerabili
597 1896 627 1926 in
649 1892 781 1926 Christo
803 1896 886 1939 patri
907 1893 1041 1926 domino
1064 1920 1071 1926 .
1093 1919 1099 1925 .
1123 1891 1232 1925 abbati
1254 1895 1447 1926 monasterii
1468 1895 1498 1925 in
1519 1890 1752 1929 Zabrdovviczq
1774 1891 1899 1924 ordinis
1919 1890 2250 1934 Premonstratensis,

383 1952 617 1987 Olomuceusis
654 1953 797 1987 diocesis
834 1954 972 1987 salutem
1013 1956 1044 1986 in
1083 1953 1228 1986 domiuo.
1277 1953 1405 1987 Literas
1441 1955 1640 1987 sanctissimi
1663 1955 1709 1985 -in
1739 1952 1872 1986 Christo
1909 1955 2011 1998 patris
2047 1956 2079 1986 et
2115 1952 2250 1994 domini,

382 2013 503 2047 domini
533 2013 694 2047 Joliannis
723 2014 903 2047 recolende
941 2016 1102 2048 memorie
1130 2025 1214 2059 pape
1246 2016 1395 2047 vicesimi
1424 2013 1573 2055 secundi,
1603 2023 1668 2046 non
1698 2013 1898 2047 cancellatas
1926 2023 1989 2046 nec
2017 2011 2156 2046 abolitas
2191 2011 2250 2047 sed

382 2077 471 2107 omui
501 2086 638 2119 prorsus
667 2077 856 2120 suspicione
885 2079 1052 2117 carentes
1074 2086 1147 2108 cum
1178 2086 1216 2108 ea
1247 2086 1309 2119 qua
1340 2074 1447 2107 decuit
1478 2077 1676 2107 reverencia
1708 2076 1895 2118 recepimus
1924 2076 1954 2106 in
1985 2072 2047 2106 hec
2075 2071 2197 2106 verba:

538 2134 709 2168 Joliannes
739 2138 916 2181 episcopus
946 2146 1066 2169 servus
1096 2146 1272 2169 servorum
1303 2135 1355 2168 (lei
1378 2133 1624 2168 venerabilibus
1654 2134 1811 2167 fratribus
1840 2133 2094 2179 archiepiscopo
2125 2133 2250 2166 Saloe-

382 2194 541 2239 burgeusi
581 2200 610 2228 et
641 2195 876 2242 Ratisponensi
906 2208 944 2229 ac
974 2195 1136 2233 Praffensi
1167 2199 1332 2241 episcopis
1361 2196 1499 2229 salutem
1539 2199 1571 2228 et
1599 2195 1815 2240 apostolicam
1845 2194 2131 2228 benediccionem.
2179 2193 2250 2227 Etsi

384 2255 580 2301 quibuslibet
618 2257 786 2301 religiosis
823 2261 853 2290 et
892 2260 1045 2302 personis
1081 2261 1111 2290 et
1150 2257 1231 2290 loeis
1270 2268 1313 2290 ex
1350 2259 1563 2290 imminuente
1602 2255 1696 2289 uobis
1735 2258 1905 2289 servitutis
1943 2255 2052 2288 ollicio
2091 2257 2250 2288 assistere

384 2316 586 2349 defensionis
620 2317 765 2362 presidio
804 2322 988 2350 teneamur.
1020 2318 1080 2350 illis
1117 2322 1225 2350 tamen
1256 2317 1432 2363 specialius
1468 2321 1499 2350 et
1529 2316 1698 2350 efficacius
1736 2315 1855 2349 adesse
1893 2326 1953 2348 nos
1989 2317 2158 2357 convenit,
2197 2317 2250 2360 qui

384 2377 452 2409 sedi
483 2378 663 2423 apostolice
695 2378 882 2411 immediate
911 2378 1050 2411 subiecti
1080 2390 1143 2411 non
1174 2378 1295 2411 habent
1325 2382 1438 2423 preter
1466 2388 1639 2410 romanum
1666 2376 1854 2422 pontificem
1886 2376 1982 2409 alium
2013 2375 2249 2409 deffensorcm.

385 2437 463 2470 Cum
496 2441 604 2483 itaque
642 2441 724 2471 sieut
754 2450 796 2472 ex
834 2443 927 2484 parte
958 2439 1152 2472 dilectorum
1190 2438 1328 2472 filiorum
1361 2466 1397 2471 ..
1429 2440 1548 2483 prioris
1577 2436 1746 2481 generalis
1775 2440 1805 2469 et
1845 2436 1981 2469 fratrum
2012 2435 2250 2469 heremitarum

383 2498 506 2530 ordinis
528 2502 630 2531 saneti
648 2498 826 2543 Augustini
849 2499 944 2532 fuerit
962 2503 1167 2545 propositum
1189 2510 1301 2532 eoram
1324 2498 1430 2533 nobis.
1447 2498 1532 2543 quod
1552 2500 1610 2542 ipsi
1625 2508 1642 2530 a
1660 2497 1825 2530 nonnullis
1841 2507 1942 2542 super
1959 2495 2250 2541 predicacionibus

384 2556 487 2590 libere
526 2570 563 2591 ac
594 2559 717 2591 eisdem
760 2559 915 2592 fratribus
952 2560 1112 2593 faciendis
1142 2565 1171 2593 et
1211 2559 1382 2592 audiendis
1411 2556 1679 2591 confessionibus
1717 2560 1765 2590 eis
1799 2561 1935 2602 peccata
1965 2568 2023 2590 sua
2062 2556 2250 2590 volencium

384 2617 532 2650 confiteri
555 2623 583 2651 et
615 2619 685 2652 aliis
703 2619 833 2662 juribus
863 2624 892 2652 el
914 2619 1118 2653 libertatibus
1148 2623 1226 2666 ipsis
1247 2619 1287 2653 ab
1317 2619 1498 2665 apostolica
1525 2618 1605 2651 sede
1635 2620 1818 2654 concessis.
1839 2629 1857 2650 a
1887 2617 2034 2663 prelatis,
2063 2615 2251 2650 rectoribus

384 2682 414 2711 et
438 2677 528 2711 clero
549 2678 686 2723 aliisque
702 2683 854 2724 personis
875 2685 989 2713 contra
1011 2681 1132 2714 indulta
1155 2681 1407 2726 privilegiorum
1430 2680 1516 2713 dicte
1536 2679 1624 2712 sedis
1641 2681 1689 2712 eis
1709 2678 1750 2712 ab
1771 2678 1887 2712 eadem
1908 2678 1989 2712 sede
2013 2687 2250 2711 concessorum
