2336 3074
1277 212 1344 245 tot)

1266 342 1367 376 175».

377 458 524 489 ,lubitum
560 455 770 498 l·.'1·:.l1i.s·‹·lwf
795 467 856 487 mm
891 455 980 498 l'rugl
1011 459 1087 488 ele..
1120 455 1325 488 ret-milleltc
1363 457 1461 488 einen
1501 454 1677 497 Ι’(ἰ·ῃΙιί“(-Ιι
1710 455 1876 488 :avim-hen
1908 455 1979 488 (lem
2013 455 2240 500 illarlsfflwscu

634 515 746 548 dodosi·
777 516 843 548 und
872 517 943 549 dem
978 517 1060 549 (Hui.
1097 515 1245 560 li'apilel.
1306 515 1362 548 Dt.
1397 527 1457 548 ror
1486 516 1559 549 dem
1589 517 1647 549 20.
1683 515 1838 549 Febremi·
1870 515 1978 548 1380.

540 591 732 644 Jolmuues
754 611 804 644 dei
834 614 948 649 gracia
971 616 1084 645 sancte
1105 613 1281 657 pragensis
1302 610 1447 644 ecclesie
1468 611 1741 657 archiepiscopus
1771 611 1954 657 apostolice
1983 611 2072 645 sedis
2099 612 2240 657 legatus„

377 673 464 705 l‘auo
494 675 670 717 episcopus
702 672 966 710 l‘oliffnaueusis.
997 672 1145 705 eiusdem
1177 672 1265 705 sedis
1295 673 1467 704 nunccius.
1503 682 1632 705 necnon
1668 671 1878 705 l'rzimislaus
1915 672 1981 705 dux
2016 671 2241 715 Tessineusis‚

377 735 652 769 i·eco‹„riioseiinus
682 737 798 765 tenore
829 736 1038 777 1u·eseucium
1071 735 1248 766 universis.
1279 732 1365 777 quod
1397 744 1497 778 super
1527 735 1647 766 causis.
1677 732 1784 765 litibus
1814 744 1871 765 seu
1893 735 2147 771 controversiis,
2178 744 2242 778 quc

377 796 460 826 inter
481 793 638 826 illustrem
662 795 843 838 principem
866 794 1032 826 domiuum
1054 793 1217 826 jodocum
1241 793 1467 826 marchionem
1484 793 1638 827 Moravie
1659 798 1752 838 parte
1773 804 1815 826 ex
1836 804 1911 829 uua,
1934 804 2064 826 necnon
2087 793 2242 827 bonora-

377 853 457 886 biles
488 853 639 886 dominos·
669 853 843 886 decanum.
867 857 1070 899 prepositum
1092 858 1120 887 et
1144 854 1319 899 capitulum
1342 854 1486 887 ecclesie
1506 854 1739 887 (llomuceusis
1759 858 1853 899 parte
1874 865 1915 886 ex
1938 853 2040 887 altera
2072 853 2243 899 bucusque

377 913 604 947 xci-teliantur.
635 925 695 959 pro
725 913 812 947 bono
842 917 933 960 pacis
955 919 982 947 et
1006 914 1186 947 concordie
1208 914 1248 947 de
1269 917 1475 948 serenissimi
1506 917 1663 960 principis
1684 919 1717 947 et
1737 914 1859 947 domini
1882 914 2003 947 domini
2026 914 2241 948 chczeslai

379 974 603 1007 Romanorum
634 978 665 1007 et
696 973 833 1007 Boi-mie
859 977 949 1017 regis
971 986 1137 1008 eouseusu
1160 977 1244 1008 inter
1265 979 1376 1020 partes
1398 974 1564 1020 predictas
1585 974 1799 1007 concordiam
1822 974 1962 1008 fecimus
1983 974 2241 1020 infrascriptam„

377 1038 416 1067 ita
449 1039 570 1069 tannen.
600 1035 687 1080 quod
718 1046 778 1080 per
807 1035 1056 1068 ordinacionem
1088 1039 1278 1080 presentem
1303 1034 1435 1079 juribus
1456 1038 1661 1069 serenissimi
1686 1035 1808 1068 domini
1830 1038 1921 1079 regis
1943 1035 2081 1080 predicti
2111 1038 2241 1080 penitus

376 1098 405 1127 iu
437 1094 524 1127 nullo
555 1094 747 1139 derogetur.
780 1095 888 1128 Primo
919 1095 1212 1130 concordavimus.
1243 1095 1328 1139 quod
1360 1096 1508 1141 prefatus
1529 1096 1680 1129 domiuus
1702 1094 1850 1129 marchio
1871 1098 2117 1141 possessiones7
2147 1096 2243 1129 villas

375 1158 485 1188 curias
515 1160 544 1188 et
576 1155 660 1188 bona
691 1155 730 1187 ad
762 1155 909 1200 prel'atos
939 1155 1090 1188 dominos
1120 1156 1296 1189 decanum.
1325 1159 1530 1202 prepositum
1561 1160 1593 1190 et
1613 1156 1789 1201 capitulum
1820 1167 1859 1189 ac
1889 1155 2066 1189 ecclesiam
2097 1155 2243 1190 Olomu-

376 1227 511 1249 censem
541 1219 731 1261 spectancia
763 1227 835 1248 cum
858 1218 1024 1249 universis
1045 1220 1075 1249 et
1097 1216 1236 1259 singulis
1267 1219 1334 1250 suis
1355 1216 1511 1250 censibus·
1533 1221 1565 1249 et.
1584 1215 1849 1250 obveucionibus
1872 1219 2044 1250 arrestatis
2065 1219 2243 1250 restituere

376 1276 493 1310 debeat
532 1276 740 1320 integraliter
776 1281 804 1309 et
845 1287 888 1309 ex
926 1281 1004 1309 toto.
1062 1276 1143 1310 Item
1182 1277 1423 1313 ordinavimus,
1463 1277 1548 1322 quod
1589 1277 1673 1310 idem
1713 1277 1865 1310 domiuus
1901 1276 2050 1310 marcliio
2094 1276 2243 1322 prefatos

377 1337 538 1370 decanum
570 1340 772 1382 prepositum
804 1341 832 1369 et
865 1337 1042 1382 capitulum
1072 1348 1111 1370 ac
1141 1348 1257 1371 omnes
1287 1342 1316 1371 et
1347 1337 1496 1381 singulas
1525 1348 1689 1383 personas
1718 1337 1863 1371 ecclesie
1893 1337 2043 1382 predicte
2074 1339 2103 1370 in
2135 1336 2242 1371 liber-

376 1396 495 1430 tatibus
525 1402 554 1430 et
581 1397 723 1441 juribus.
754 1397 870 1442 quibus
899 1400 1072 1441 genitores
1097 1400 1146 1430 sui
1177 1402 1208 1431 et
1228 1400 1296 1431 suis
1318 1397 1522 1443 temporibus
1544 1401 1712 1443 reperisse
1742 1397 1935 1440 dinoscitur7
1958 1409 2124 1443 reponere
2145 1397 2244 1432 debet

377 1457 585 1501 integraliter
614 1462 643 1490 et
676 1461 704 1490 iu
736 1462 814 1490 toto.
846 1457 927 1491 Item
958 1458 1044 1502 quod
1086 1457 1238 1491 baunicio
1278 1458 1363 1491 facta
1404 1462 1519 1491 contra
1556 1458 1731 1500 dccanuun
1770 1460 1975 1503 prepositum
2015 1469 2054 1491 ac
2091 1458 2242 1503 singulos

376 1520 569 1554 canonicos,
599 1530 762 1564 personas
792 1518 1051 1561 ecclesiasticas„
1081 1518 1288 1564 presbiteros
1318 1523 1350 1552 et
1379 1519 1556 1563 religiosos
1586 1523 1618 1552 et
1647 1529 1763 1552 eorum
1784 1521 1909 1552 amicos
1939 1522 2130 1552 revocetur.
2162 1518 2242 1552 Item

376 1578 616 1614 ordinavimus,
647 1579 732 1623 quod
764 1578 882 1624 prefati
912 1579 1035 1612 domini
1065 1579 1224 1616 decanus„
1254 1581 1443 1624 prepositus
1464 1583 1495 1612 ct
1516 1579 1690 1624 capitulum
1722 1579 1866 1612 ecclesie
1896 1578 2130 1613 Olomucensis
2158 1590 2244 1624 pre—

377 1639 462 1671 dicte
493 1638 629 1672 bernam
669 1642 820 1684 proxime
859 1642 1052 1685 preteritam
1090 1639 1226 1673 solvere
1263 1639 1406 1673 debeant
1440 1640 1622 1674 secundum
1660 1650 1806 1672 summas
1843 1638 2024 1672 secuudum
2061 1650 2121 1673 cos
2158 1639 2244 1673 solvi

377 1704 581 1733 couswetas.
612 1699 652 1732 de
682 1700 853 1733 solucione
883 1711 967 1733 vero
997 1699 1102 1733 berne
1131 1702 1285 1745 proxime
1315 1700 1515 1745 imponendo
1545 1700 1631 1733 idem
1675 1700 1827 1733 domiuus
1857 1699 2016 1741 decanus7
2055 1702 2243 1745 prepositus

377 1765 407 1793 et
437 1760 614 1805 capitulum
645 1760 788 1793 ecclesie
818 1760 967 1806 predicte
996 1759 1056 1793 sub
1087 1772 1124 1793 ea
1155 1771 1214 1805 spe
1245 1760 1425 1794 manebunt
1453 1765 1485 1794 et,
1514 1762 1715 1803 intencione,
1745 1759 1831 1804 quod
1870 1759 1975 1793 dictus
2005 1759 2155 1793 marchio
2184 1770 2244 1794 eos

376 1823 408 1853 in
438 1820 533 1853 solita
563 1820 733 1854 solucione
764 1823 941 1865 permittat.
972 1820 1008 1854 In
1038 1823 1130 1854 cuius
1152 1823 1199 1854 rei
1221 1823 1444 1854 testiinonium
1467 1821 1573 1865 sigilla
1596 1824 1708 1854 nostra
1730 1819 1942 1865 presentibus
1963 1824 2038 1853 sunt
2067 1822 2240 1865 impressa.

692 1899 780 1930 uiris-r.
807 1900 887 1930 lau-g.
914 1900 930 1924 ·2
955 1899 1160 1931 beigcdruekte
1185 1899 1242 1933 Εἰς.
1267 1900 1303 1924 im
1329 1900 1402 1924 (itm.
1427 1899 1688 1932 Kapitelarcliive.)

1268 2053 1370 2088 176.

382 2154 455 2188 Der
485 2155 661 2189 Isarcliiml
691 2155 803 2189 pileus
833 2156 958 2200 befree't
987 2157 1050 2189 (len
1081 2156 1310 2201 dlarqurafen
1340 2156 1454 2190 Jodols
1493 2168 1565 2190 com
1596 2156 1864 2190 Isircleenbmme
1895 2156 1964 2189 und
1993 2155 2139 2189 Makren
2168 2166 2245 2188 vom

933 2216 1130 2250 Interdz'ele.
1188 2216 1247 2250 Dt.
1278 2216 1381 2250 Pisele
1410 2217 1468 2251 20.
1500 2217 1660 2250 Februai·
1690 2216 1800 2251 1380.

542 2291 588 2344 'n
619 2310 741 2344 Christi
772 2314 905 2345 nomine
935 2323 1044 2345 amen.
1076 2311 1196 2345 Coram
1229 2312 1516 2345 reverendissimo
1545 2315 1576 2346 in
1607 2312 1740 2347 Christo
1769 2317 1864 2358 patre
1887 2323 1927 2346 ac
1956 2312 2089 2345 domino
2110 2311 2244 2345 domiuo

381 2370 481 2403 l'ileo.
513 2372 593 2404 tituli
623 2376 737 2404 sancte
768 2371 928 2405 praxedis
958 2372 1159 2417 presbytero
1190 2372 1349 2405 cardinali
1379 2373 1562 2418 apostolice
1590 2373 1680 2407 sedis
1701 2376 1842 2406 nunccio
1866 2376 2062 2406 constitutus
2090 2382 2244 2405 venera-

381 2430 451 2463 bilis
481 2434 532 2463 vir
562 2431 712 2464 domiuus
743 2431 858 2465 Petrus
878 2432 1039 2478 plebanus
1060 2435 1091 2466 in
1113 2433 1266 2466 Scenecz
1295 2433 1482 2466 licentiatus
1503 2435 1533 2466 in
1555 2433 1711 2467 decretis.
1740 2437 1941 2479 procurator
1961 2437 1992 2466 et
2012 2434 2244 2478 procuratorio

382 2493 514 2522 nomine
544 2491 676 2524 illustris
706 2495 864 2537 principis
894 2492 1017 2526 domini
1046 2492 1164 2526 Jodoci
1194 2493 1399 2527 marchionis
1429 2497 1461 2527 et
1489 2494 1611 2527 domini
1640 2493 1794 2528 Moravie
1824 2498 1922 2539 prout
1956 2493 1997 2526 de
2025 2503 2085 2527 suo
2114 2503 2244 2538 procu-

381 2552 526 2583 racionis
555 2550 665 2583 officio
695 2550 815 2584 ibidem
852 2563 912 2597 per
947 2553 1073 2586 litteras
1111 2557 1263 2598 patentes
1300 2553 1448 2587 eiusdem
1487 2554 1611 2588 domini
1648 2554 1850 2588 marchionis
1888 2555 1995 2587 extitit
2033 2552 2118 2586 facta
2147 2553 2244 2598 plena

382 2609 475 2651 sides,
506 2610 612 2643 cidem
643 2611 776 2645 domino
807 2612 965 2645 cardinali
995 2624 1055 2658 pro
1093 2618 1187 2659 parte
1227 2617 1329 2659 ipsius
1368 2614 1490 2648 domini
1527 2615 1729 2649 marchionis
1767 2614 1933 2648 humiliter
1971 2614 2181 2659 supplicavit,
2211 2617 2245 2646 ut

381 2680 455 2702 cum
486 2673 549 2703 iani
581 2670 632 2703 dei
662 2671 795 2704 volente
826 2671 1057 2706 benivolencia
1097 2685 1199 2719 super
1237 2677 1337 2708 certis
1373 2675 1548 2710 discordiis
1586 2680 1616 2709 et
1655 2673 1930 2717 dissensionibus,
1966 2685 2030 2719 que
2066 2673 2122 2708 vel
2160 2675 2245 2706 inter
