2336 3074
1034 213 1080 245 45

126 333 287 367 equorum
316 321 371 355 vel
400 331 515 354 00111111
546 322 795 353 estimacionem
826 322 857 350 ct
886 317 1036 350 valorem
1067 328 1106 349 ac
1144 315 1373 359 dampnorum.
1405 326 1629 361 expensarum
1660 318 1690 347 et
1730 316 1892 346 interesse
1929 322 1990 356 per

125 394 186 417 nos
215 381 525 427 condempnandum
556 384 588 426 et
616 378 880 425 compellendum
911 377 984 410 fore
1014 387 1203 412 censemus,
1225 375 1452 420 compellimus
1474 379 1503 407 et
1534 375 1828 419 condempnainus.
1850 382 1988 417 quorum

126 443 355 488 dampnorum,
386 452 609 487 expensarum
639 443 671 472 et
699 443 863 473 interesse
893 440 1102 470 taxacionem
1133 435 1227 469 nobis
1258 438 1461 480 inposterum
1502 439 1731 468 reservantes.
1781 433 1989 477 Quaquidem

126 505 296 538 sentencia
326 505 373 536 sic
402 502 465 535 lata
495 501 534 534 ad
565 503 820 545 requisicionein
852 503 883 532 et
920 500 1119 544 peticionem
1159 496 1235 529 dicti
1265 496 1387 529 domini
1427 523 1433 529 .
1472 523 1478 529 .
1510 498 1629 541 prioris
1658 494 1805 540 partibus
1841 503 1989 538 presen-

127 563 212 597 tibus
241 563 279 595 ad
310 561 488 596 videndum
518 560 706 594 huiusmodi
745 559 934 604 dampnum„
965 568 1132 603 expensas
1162 561 1192 589 et
1222 559 1386 589 interesse
1415 559 1522 590 taxari
1561 561 1591 589 et
1628 567 1687 601 per
1725 566 1785 588 nos
1821 554 1989 587 moderari

127 626 299 657 statuimus
335 627 461 656 certum
492 624 666 654 terminum
706 621 964 665 peremptorium
1004 621 1260 662 competentem.
1310 616 1345 649 In
1383 628 1446 661 quo
1487 620 1704 662 procuratore
1749 615 1824 648 dicti
1867 614 1991 647 domini

126 685 246 729 prioris
276 693 389 715 coram
418 681 513 715 nobis
542 684 574 714 in
599 680 724 724 judicio
755 682 970 724 comparente
1001 677 1083 711 datis
1113 682 1145 710 et
1182 679 1345 722 porrectis
1375 677 1537 722 dampnis,
1568 679 1725 721 expensis
1755 680 1787 708 et
1828 678 1990 708 interesse

126 746 158 777 in
187 745 318 789 scriptis
348 747 379 776 et
408 753 446 776 ea
477 753 515 775 30
544 752 601 775 035
640 744 670 774 111
701 742 943 774 contumaciam
973 738 1049 771 dicti
1079 738 1201 771 domini
1241 764 1247 770 .
1285 764 1290 770 .
1322 740 1480 783 prepositi
1519 748 1581 769 non
1619 738 1844 781 comparentis
1874 739 1990 767 taxare

127 808 159 837 et
188 803 364 837 moderare
394 805 521 848 petivit,
551 813 614 846 que
645 805 677 834 et
706 812 786 845 quas
816 799 854 832 ad
886 801 1018 843 triginta
1048 809 1110 832 sex
1138 797 1284 831 florenos
1314 800 1383 830 auri
1405 797 1481 830 boni
1512 799 1585 829 iusti
1615 801 1646 829 et
1674 797 1812 841 legitimi
1833 794 1990 840 ponderis

127 875 188 910 per
215 866 320 909 ipsum
350 865 553 908 prepositum
585 864 615 894 in
645 860 735 894 Luha
765 860 894 906 prefato
932 861 1036 903 priori
1074 861 1105 892 in
1144 857 1363 902 Chiinigsuelt
1402 856 1527 890 dandos
1566 861 1598 890 et
1635 856 1815 889 solvendos
1853 857 1990 900 prestito

127 926 276 970 primitus
301 924 492 966 juramento
522 933 581 967 per
616 948 622 954 .
646 949 652 955 .
683 925 935 966 procuratorem
971 920 1047 953 (11011
1081 919 1204 951 (101111111
1243 946 1250 951 .
1274 945 1280 951 .
1311 920 1443 963 prioris,
1470 917 1556 962 quod
1586 916 1735 962 prefatus
1765 916 1915 949 dominus
1954 941 1989 947 ..

127 987 230 1030 prior,
260 994 334 1016 cum
364 982 561 1028 expenderit
590 982 645 1015 vel
674 983 866 1014 necessarie
896 980 1089 1026 expendere
1120 978 1282 1021 debuerit,
1313 978 1551 1011 moderacione
1588 980 1751 1023 premissa
1791 979 1989 1010 taxavimus.

129 1044 341 1089 Quapropter
368 1043 466 1077 vobis
495 1042 647 1076 omnibus
677 1046 709 1075 et
743 1041 883 1086 singulis
921 1045 951 1074 et
989 1040 1180 1086 specialiter
1216 1038 1313 1073 vobis
1350 1038 1500 1072 honestis
1534 1040 1616 1071 viris
1655 1037 1795 1070 dominis
1831 1039 1991 1080 magistro

128 1105 227 1138 Petro
256 1106 289 1137 in
317 1103 474 1137 Pudwicz
504 1114 542 1136 30
572 1102 670 1136 Ρο110
700 1105 730 1136 111
759 1102 873 1136 Monte
903 1101 1017 1135 Sancti
1048 1101 1135 1134 Petri
1164 1099 1300 1133 Brunne
1328 1098 1478 1145 plebanis
1508 1103 1539 1131 et
1569 1101 1737 1131 canonicis
1768 1097 1886 1130 ibidem
1908 1108 1992 1142 pre-

128 1166 223 1199 dictis
252 1175 291 1197 ac
320 1163 453 1197 cuilibet
481 1168 644 1206 vestrum,
674 1166 727 1208 qui
757 1162 966 1208 presentibus
1005 1161 1127 1195 fuerint
1155 1163 1316 1205 requisiti,
1346 1159 1401 1193 vel
1431 1159 1528 1192 fuerit
1568 1161 1757 1203 requisitus,
1788 1160 1830 1190 ita
1868 1161 1990 1198 tamen,

129 1225 215 1270 quod
244 1235 328 1258 unus
357 1224 496 1257 alterum
526 1235 592 1257 non
621 1227 778 1269 expectet
806 1234 868 1256 nec
904 1233 964 1268 per
992 1222 1089 1255 alium
1120 1232 1156 1254 se
1186 1225 1338 1263 excuset,
1368 1222 1565 1253 auctoritate
1603 1223 1716 1252 nostra
1745 1216 1840 1250 1101115
1869 1219 1901 1249 111
1930 1216 1992 1249 hac

128 1289 223 1331 parte
252 1287 430 1318 commissa
460 1287 490 1317 in
520 1286 643 1317 virtute
672 1288 786 1317 sancte
816 1282 1012 1315 obediencie
1050 1285 1083 1314 et
1110 1280 1170 1314 sub
1207 1281 1571 1313 excommunicacimiis
1600 1289 1697 1324 pena.
1728 1288 1824 1322 quam
1860 1287 1923 1310 vos
1962 1280 1993 1309 et

129 1344 308 1391 quemlibet
336 1349 486 1379 vestrum
515 1347 611 1377 trium
642 1344 768 1377 dierum
804 1346 966 1376 canonica
995 1344 1183 1376 monicione
1213 1343 1376 1386 premissa
1414 1343 1587 1373 incurrere
1616 1338 1769 1372 volumus
1790 1340 1861 1382 ipso
1892 1336 1992 1372 facto„

129 1409 157 1440 si
186 1405 347 1439 mandatis
376 1407 499 1438 nostris
527 1404 715 1438 huiusmodi
744 1414 823 1449 ymo
853 1403 977 1437 sorcius
1015 1402 1206 1448 apostolicis
1245 1412 1310 1434 non
1348 1403 1524 1446 parueritis
1563 1410 1637 1432 cum
1676 1399 1806 1440 effectu,
1846 1397 1993 1430 districte

130 1465 345 1511 precipiendo
374 1458 587 1507 mandamus,v
605 1469 767 1509 quatenus
796 1475 856 1510 per
883 1474 946 1497 vos
976 1466 1064 1508 ipsos
1094 1462 1149 1495 vel
1178 1461 1318 1494 alterum
1347 1465 1508 1496 vestrum.
1539 1471 1598 1505 per
1627 1459 1725 1492 alium
1754 1458 1809 1492 vel
1829 1468 1889 1503 per
1910 1457 1992 1490 alios

129 1531 228 1572 prout
255 1528 482 1571 requiremini,
514 1525 634 1558 dictum
674 1525 840 1558 dominum
883 1551 889 1557 .
925 1551 932 1557 .
963 1525 1167 1568 prepositum
1205 1524 1235 1554 111
1271 1521 1362 1554 Luha
1401 1523 1631 1563 ammoneatis,
1661 1519 1824 1552 inducatis
1862 1521 1893 1550 et
1932 1528 1993 1550 re—

131 1589 279 1631 quiratis,
309 1597 407 1630 quem
437 1588 544 1618 eciam
573 1595 634 1618 nos
663 1584 874 1630 presentibus
910 1593 1152 1625 ammonemus,
1182 1584 1382 1626 requirimus
1417 1585 1449 1613 et
1478 1580 1673 1616 inducimus.
1705 1583 1736 1611 111
1775 1577 1860 1612 111113
1890 1580 1993 1622 (111111-

131 1647 237 1680 decim
267 1645 337 1680 dies
367 1657 384 1678 a
415 1650 565 1690 tempore
594 1647 826 1690 requisicionis
847 1644 901 1678 vel
923 1645 1175 1676 ammonicionis
1195 1641 1257 1675 sibi
1277 1640 1376 1683 facte,
1398 1640 1667 1686 computandum,
1689 1649 1828 1684 (1110111111
1850 1640 1993 1682 quinque

131 1717 191 1752 pro
219 1709 338 1752 primo,
369 1708 512 1751 quinque
541 1717 601 1751 pro
631 1705 777 1740 secundo
807 1709 839 1738 et
867 1704 1013 1749 reliquos
1043 1706 1186 1748 quinque
1216 1702 1285 1735 dies
1315 1712 1375 1747 pro
1405 1703 1509 1734 tercio
1530 1702 1755 1746 peremptorio
1785 1700 1927 1731 termino
1955 1708 1995 1730 ac

131 1769 321 1800 monicione
351 1769 512 1800 canonica
542 1766 650 1799 eidem
680 1765 887 1811 deputamus,
917 1764 1067 1810 predicto
1097 1764 1230 1797 domino
1261 1761 1413 1795 Gotfrido
1429 1764 1530 1807 priori
1553 1764 1584 1794 in
1605 1759 1823 1804 Chunigsuelt
1844 1757 1995 1804 prefatos

132 1831 274 1872 quatuor
303 1837 407 1871 equos
435 1826 588 1860 valentes
617 1837 691 1859 cum
720 1828 855 1870 triginta
875 1836 936 1859 sex
958 1824 1092 1858 florenis
1113 1826 1184 1856 auri
1204 1822 1281 1856 boni
1302 1833 1340 1855 30
1360 1825 1435 1855 111511
1456 1821 1612 1867 ponderis
1632 1820 1767 1854 realiter
1787 1824 1818 1852 et
1839 1819 1994 1852 effective

132 1889 282 1920 restituat
310 1898 370 1920 seu
398 1889 598 1930 reassignet.
629 1886 771 1931 alioquin
802 1897 845 1919 ex
873 1896 960 1919 nunc
994 1888 1089 1930 prout
1129 1894 1173 1916 ex
1209 1887 1285 1916 tunc
1324 1884 1529 1915 sentenciam
1560 1881 1922 1914 excommunicacionis
1962 1881 1993 1911 in

133 1947 253 1980 dictum
283 1946 451 1980 dominum
482 1946 696 1992 Styboslaum
726 1949 929 1991 prepositum
959 1945 1097 1978 ferimus
1125 1946 1157 1977 111
1195 1942 1257 1976 11115
1294 1945 1433 1988 seriptis,
1463 1944 1686 1987 precipientes
1723 1952 1761 1973 ac
1800 1939 1995 1973 mandantes

132 2006 229 2041 vobis
259 2006 411 2040 omnibus
440 2011 472 2040 et
500 2006 638 2051 singulis
668 2008 913 2052 suprascriptis,
943 2004 1061 2050 quibus
1089 2004 1144 2038 vel
1179 2002 1432 2037 conswetudine
1461 2002 1517 2035 vel
1545 2001 1722 2047 privilegio
1762 1999 1902 2034 verbum
1939 1998 1995 2031 di-

132 2070 246 2101 vinum
276 2069 433 2112 competit
460 2066 647 2112 predicare,
682 2077 743 2112 per
772 2069 975 2099 sentenciam
1014 2066 1376 2098 excommunicacionis
1414 2065 1645 2109 prescriptam,
1675 2065 1835 2106 quatenus
1874 2059 1994 2111 elapsis

133 2127 291 2173 predictis
321 2126 509 2172 quindecim
538 2126 653 2160 diebus
683 2138 721 2160 ac
750 2128 966 2160 restitucione
995 2130 1027 2159 et
1055 2127 1290 2169 assignacione
1319 2124 1481 2157 dictorum
1511 2127 1652 2168 quatuor
1681 2131 1841 2166 equorum
1869 2119 1993 2153 valen-

135 2190 222 2221 cium
251 2191 284 2220 et
312 2189 446 2231 triginta
475 2198 537 2221 sex
566 2186 701 2220 florenis
737 2189 807 2219 auri
837 2186 939 2219 libera
977 2197 1016 2219 30
1054 2185 1151 2230 plena
1188 2195 1249 2230 per
1287 2184 1408 2218 dictum
1446 2183 1613 2216 dominum
1655 2209 1660 2215 .
1692 2209 1698 2215 .
1728 2183 1931 2226 prepositum
1961 2181 1993 2211 in

134 2247 226 2281 Luha
255 2249 315 2292 ipsi
345 2249 448 2292 priori
475 2257 542 2280 non
571 2246 670 2290 facta,
700 2246 774 2280 dum
804 2245 1014 2291 presentibus
1043 2245 1172 2279 fueritis
1201 2255 1262 2290 pro
1290 2249 1384 2289 parte
1423 2243 1499 2277 dicti
1529 2243 1650 2276 domini
1679 2269 1685 2274 .
1716 2269 1722 2274 .
1753 2243 1873 2286 prioris
1894 2250 1994 2272 com-

137 2309 278 2340 muniter
304 2307 359 2340 vel
395 2306 526 2340 divisim
563 2309 725 2352 requisiti.
763 2306 926 2352 prefatum
965 2305 1132 2339 dominum
1171 2304 1386 2350 Styboslaum
1421 2305 1624 2349 prepositum
1662 2305 1693 2334 in
1728 2300 1819 2334 Luha
1856 2299 1994 2343 singulis

136 2366 251 2401 diebus
281 2367 453 2400 dominicis
483 2371 516 2400 et
543 2366 672 2401 festivis
701 2367 784 2400 infra
815 2370 990 2400 missarum
1027 2366 1223 2410 solempnia,
1253 2364 1328 2397 dum
1357 2363 1467 2409 populi
1497 2361 1667 2395 multitudo
1697 2360 1737 2393 ad
1766 2360 1877 2394 divina
1907 2369 1996 2392 con-

136 2426 215 2469 fluit,
244 2426 374 2472 publice
403 2431 435 2460 et
463 2427 680 2473 solempniter
708 2430 862 2460 extinctis
891 2426 1038 2459 candelis
1068 2429 1100 2458 et
1127 2424 1263 2470 pulsatis
1293 2426 1462 2468 campanis
1491 2427 1555 2455 tam
1585 2421 1638 2454 diu
1667 2423 1714 2454 510
1743 2431 1803 2466 1101
1831 2430 1891 2453 1105
1927 2429 1996 2452 ex-

136 2489 415 2520 communicatum
445 2486 668 2520 denuncciare
698 2490 833 2520 curetis.
864 2486 970 2520 donec
1000 2486 1087 2519 dicto
1117 2485 1251 2518 domino
1290 2510 1296 2517 .
1333 2510 1340 2517 .
1370 2485 1472 2528 priori
1501 2493 1540 2515 ac
1568 2493 1627 2515 sue
1657 2481 1766 2514 domui
1786 2491 1846 2526 per
1875 2479 1996 2512 dictum

137 2546 304 2580 dominum
344 2574 350 2579 .
387 2573 393 2580 .
424 2550 627 2592 prepositum
657 2547 755 2580 fuerit
783 2547 932 2593 plenarie
961 2545 1178 2579 satisfactum.
1208 2555 1247 2576 ac
1277 2546 1347 2589 ipse
1368 2543 1519 2576 dominus
1559 2569 1565 2575 .
1602 2568 1608 2574 .
1638 2543 1828 2587 prepositus
1847 2541 1996 2584 graciam

136 2606 423 2640 reconciliacionis
453 2611 483 2641 et
519 2606 741 2641 absolucionis
770 2606 932 2640 studuerit
969 2608 1131 2639 invenire.
1179 2603 1215 2637 In
1244 2614 1382 2649 quorum
1422 2604 1566 2635 omnium
1597 2606 1627 2634 et
1657 2600 1862 2645 singulorum
1898 2601 1997 2632 testi—

137 2669 282 2700 monium
311 2671 500 2712 presentem
530 2671 679 2701 nostrum
695 2678 889 2712 processum
911 2677 970 2712 per
990 2668 1154 2699 notarium
1174 2668 1323 2697 nostrum
1343 2667 1375 2696 et
1391 2663 1477 2696 dicte
1494 2673 1594 2695 cause
1610 2661 1753 2695 scribam
1776 2659 1996 2704 subscriptum
