2336 3074
1269 189 1343 222 405

376 299 695 338 sexa:uitaquatiwr
726 293 846 325 milium
879 293 1079 326 lini-enorum
1110 304 1236 327 sunnna
1268 294 1371 339 tytulo
1400 297 1470 327 veri
1500 299 1530 327 et
1561 297 1634 327 iusti
1656 296 1805 340 pignoris
1826 292 2048 338 obligavimus
2071 297 2100 326 et
2123 297 2238 326 tenore

377 359 583 402 presencium
615 367 655 387 ex
687 359 776 387 certa
817 357 961 387 sciencia
1000 353 1197 398 obligauuis.
1242 355 1367 390 'rainer
1405 354 1572 395 videlicet„
1608 355 1692 399 qnod
1731 353 1898 400 predictus
1936 357 2071 398 patruus
2110 357 2234 396 noster,

377 417 518 449 lieri-des
553 420 582 448 et
613 426 830 447 successores
869 418 917 448 sui
948 414 1087 448 eundem
1119 415 1271 449 ducatum
1303 415 1649 459 laiczembnrgensem
1691 420 1720 449 et
1751 415 1966 449 advocaciam
1998 415 2136 449 Alsaeie
2166 425 2239 448 cnm

377 479 540 509 unixersis
571 481 598 507 et
631 475 768 519 singulis
800 475 997 520 supradictis
1037 481 1066 509 et
1105 476 1176 509 aliis
1213 478 1427 522 pertinenciis
1465 478 1624 522 ipsorum,
1663 481 1757 522 prout
1795 487 1855 509 nos
1893 476 2029 510 eosdem
2069 475 2239 520 bucusque

377 541 549 569 tenuimus.
581 536 684 580 tytulo
717 539 788 569 veri
819 539 968 581 pignoris
1000 536 1136 570 babere.
1167 541 1282 570 tenere
1313 541 1342 570 et
1374 536 1511 582 pacifice
1540 537 1713 582 possidere
1737 536 1876 570 debeant
1900 536 2033 570 tamdiu.
2064 546 2236 581 quousque

377 601 452 643 ipsis
484 597 628 642 predicta
658 599 979 642 sexagintaqnatnor
1015 597 1137 630 milium
1169 597 1370 630 llorcnornm
1401 609 1527 631 summa
1567 609 1630 631 non
1669 600 1865 643 computatis
1904 600 1934 631 in
1973 602 2097 631 sortem
2137 600 2237 643 ipsius

376 657 540 691 censibus.
571 657 753 691 redditibus
784 662 815 690 ct
845 657 1064 691 emolimentis
1104 669 1147 691 ex
1186 658 1273 692 dicto
1302 658 1419 692 ducatu
1449 663 1478 691 et
1509 658 1691 691 advocacia
1729 657 2014 704 provenientibuS.
2053 670 2136 703 quos
2173 657 2234 692 sibl

377 730 416 751 ex
455 721 569 755 gracia
607 717 742 763 speciali
779 718 988 752 donavimus.
1028 718 1125 752 suerit
1163 719 1370 762 integraliter
1407 718 1585 764 persoluta.
1643 718 1684 752 Ei
1719 722 1749 752 in
1788 730 1914 760 casnm,
1954 730 2018 764 quo
2055 719 2238 764 predictum

376 783 523 824 patruum
563 783 724 812 nostrum.
766 777 909 812 heredes
947 783 1000 812 aut
1037 790 1254 813 successores
1293 790 1371 813 snos
1409 790 1468 825 pro
1506 778 1702 813 defensione
1739 779 1876 813 ducatus
1912 778 2238 824 Luczembergensis

376 839 512 884 predicti
555 850 685 872 necnon
731 841 874 872 tuicione
915 851 954 872 ac
997 843 1263 873 conservacione
1306 841 1428 884 jurium
1477 842 1577 885 ipsius
1619 839 1880 885 quibuscumque
1923 839 2134 874 invasoribus
2175 850 2234 874 scu

376 899 647 945 oppressimubus
677 902 749 933 eius
779 899 819 933 de
859 902 941 933 scitu
978 904 1087 933 tamen
1122 905 1237 934 nostro
1275 911 1447 945 gwerram
1489 912 1628 935 movere
1667 903 1889 945 contingeret„
1933 903 2071 946 quitquit
2107 903 2138 934 in
2177 900 2241 934 hoc

376 961 506 1006 dampni
536 965 599 993 tam
630 963 766 993 racione
796 963 1018 1005 impensarum
1048 972 1145 1006 quam
1176 964 1281 995 eciam
1309 964 1464 1006 gencium
1486 964 1711 1008 perceperint,
1743 961 1772 995 id
1795 965 1899 1007 ipsum
1922 961 2028 1002 nobis,
2058 960 2238 995 heredibus

376 1025 404 1053 et
435 1020 687 1055 successoribus
717 1024 838 1054 nostris
859 1020 997 1055 Boeiuie
1026 1021 1162 1065 regibus
1183 1025 1213 1055 in
1235 1026 1358 1055 sortem
1379 1023 1568 1068 principalis
1588 1033 1716 1056 summe
1736 1022 1891 1056 videlicet
1914 1025 2236 1067 sexagintaquatuor

376 1081 496 1114 milium
527 1082 729 1114 florenorum
760 1081 913 1115 volumus
943 1085 972 1114 et
1003 1081 1214 1115 decernimus
1243 1083 1455 1128 supperaddi.
1494 1083 1534 1117 Et
1562 1083 1723 1127 similiter,
1754 1085 1892 1129 quitquit
1921 1082 2070 1129 prefatus
2099 1087 2235 1128 patruus

376 1146 500 1176 noster.
529 1141 673 1175 heredes
694 1147 746 1175 aut
769 1153 986 1176 successores
1007 1145 1055 1176 sui
1077 1145 1107 1176 in
1138 1143 1355 1177 exsolucione
1376 1148 1573 1180 castrorum.
1604 1144 1790 1190 opidorum,
1820 1143 1972 1178 villarum
1993 1155 2052 1178 seu
2073 1143 2236 1177 bonorum

375 1214 434 1248 per
463 1202 724 1248 predecessores
755 1207 887 1236 nostros
926 1203 1028 1237 duces
1057 1203 1389 1249 Liiczeiiilierg·t·1lscs
1427 1209 1481 1238 aut
1518 1207 1623 1238 eciam
1659 1216 1731 1247 nos,
1770 1207 1970 1238 coniunctim
2011 1209 2065 1238 ant
2103 1203 2234 1238 divisim

376 1263 609 1307 obligatarum.
658 1275 716 1296 seu
760 1266 864 1296 eciam
904 1266 934 1297 iu
973 1264 1208 1310 persolncione
1246 1264 1430 1299 debitorum
1469 1277 1528 1311 per
1562 1265 1667 1299 dictos
1705 1265 1967 1311 predecessores
2006 1269 2140 1299 nostros
2179 1268 2233 1298 aut

377 1335 437 1357 nos
467 1327 496 1357 iu
527 1324 613 1357 dicto
648 1323 766 1357 ducatu
803 1328 1050 1358 contractorum
1089 1325 1323 1370 expenderint„
1370 1326 1434 1360 hoc
1470 1330 1575 1372 ipsum
1617 1337 1680 1360 una
1718 1337 1791 1359 eum
1832 1329 2002 1372 impensis,
2042 1325 2082 1360 de
2121 1324 2237 1371 quibus

377 1395 474 1430 supra
505 1384 535 1417 lit
557 1387 700 1418 mencio.
730 1384 769 1417 ad
790 1385 1004 1430 principalem
1027 1389 1348 1431 sexagintaquatuor
1369 1387 1489 1420 milium
1511 1386 1713 1420 florenorum
1735 1397 1896 1420 summam
1917 1389 1988 1420 sine
2010 1386 2237 1420 diminucione

377 1444 517 1490 qualibet
557 1444 652 1478 nobis
691 1449 720 1478 ct
760 1446 917 1491 predictis
956 1445 1136 1480 heredibus
1174 1449 1296 1480 nostris
1333 1447 1486 1481 volumus
1524 1450 1717 1493 computari.
1765 1446 1966 1480 Nominatim
2005 1451 2036 1481 et
2073 1450 2236 1492 expresse

377 1506 494 1540 taliter.
525 1511 556 1539 ut
588 1506 661 1539 dum
692 1518 764 1540 nos.
796 1506 940 1540 heredes
970 1511 1023 1540 aut
1052 1518 1269 1541 successores
1289 1513 1422 1542 nostros
1442 1519 1542 1553 reges
1562 1507 1700 1541 Boemie
1721 1507 1871 1541 ducatum
1889 1506 2237 1552 Luczembergensem

377 1572 406 1600 et
437 1567 654 1600 advocaciam
685 1568 821 1601 Alsacie
850 1568 1019 1614 predictos
1048 1580 1065 1601 a
1095 1567 1226 1614 prefato
1263 1573 1380 1614 patruo
1418 1573 1533 1602 nostro
1571 1567 1749 1602 heredibus
1787 1572 1841 1601 ant
1878 1566 2130 1602 successoribus
2167 1570 2235 1602 suis

377 1627 542 1661 redimere
578 1628 794 1662 voluerimus.
827 1629 911 1674 quod
934 1633 1057 1662 extunc
1077 1631 1155 1674 ipsis
1176 1633 1251 1662 ante
1272 1632 1382 1662 omnia
1402 1632 1535 1663 nomine
1555 1628 1745 1675 principalis
1770 1640 1897 1663 summe
1917 1631 2238 1673 sexagintaquatuor

378 1688 462 1721 milia
495 1688 694 1722 florenorum
731 1692 800 1722 auri
831 1694 861 1722 et
892 1689 1022 1723 demum
1059 1700 1221 1723 summam
1257 1692 1411 1736 pecunie7
1446 1695 1510 1723 tam
1547 1693 1682 1724 racione
1720 1700 1957 1736 expensarum,
1995 1700 2092 1734 quam
2132 1691 2236 1722 eciam

378 1752 598 1794 impensarum
631 1753 884 1795 provenientem
906 1761 967 1783 nec
988 1760 1052 1782 uon
1075 1754 1107 1783 et.
1127 1753 1215 1783 omni
1236 1762 1287 1793 eo5
1318 1750 1404 1796 quod
1425 1753 1456 1784 in
1477 1751 1694 1784 exsolucione
1715 1755 1900 1784 castrorum
1921 1761 1980 1784 seu
2003 1749 2236 1796 persolucione

378 1809 574 1843 debitorum.
622 1814 652 1843 ut
692 1810 871 1855 prefertur.
910 1810 1142 1856 expenderint,
1181 1811 1388 1855 integraliter
1422 1816 1454 1845 et
1491 1814 1562 1846 sine
1601 1811 1823 1847 diminucione
1861 1810 2006 1857 qualibet
2042 1810 2240 1857 persolvere

379 1870 569 1904 debeamus.
617 1881 679 1915 qua
719 1870 890 1903 solucione
928 1873 975 1904 sic
1013 1874 1045 1903 ut
1081 1874 1278 1917 premittitur
1316 1872 1415 1915 facta,
1453 1872 1590 1906 ducatus
1627 1872 1950 1916 Luezembergensis
1989 1876 2020 1905 et
2057 1871 2239 1905 advocacia

379 1931 513 1965 Alsacie
551 1942 690 1964 unacum
721 1934 888 1964 universis
926 1935 957 1965 et
1001 1931 1140 1976 singulis
1179 1943 1294 1966 eorum
1330 1935 1543 1978 pertinenciis
1579 1933 1619 1967 ad
1659 1944 1730 1977 nos,
1768 1932 1912 1967 heredes
1949 1936 1982 1966 et
2019 1942 2237 1966 successores

377 1996 509 2025 nostros
539 2003 639 2035 reges
674 1991 811 2025 Boemie
847 1991 952 2025 libere
981 1992 1092 2025 redire
1122 1991 1302 2029 debebunt„
1343 2004 1381 2027 ac
1415 1994 1455 2027 de
1493 1996 1570 2040 ipsis
1606 1993 1755 2040 prefatus
1794 1993 1955 2036 marchio⁷
2002 1992 2146 2026 heredes
2183 1995 2236 2025 aut

379 2063 594 2086 successores
624 2055 672 2085 sui
716 2051 811 2085 nobis
847 2054 919 2085 sine
956 2051 1227 2086 contradiccione
1269 2058 1298 2086 et
1333 2056 1515 2087 reniteneia
1554 2053 1751 2099 quibuslibet
1786 2053 2060 2088 condescendere
2099 2052 2240 2086 finaliter

379 2112 587 2146 tenebuntur.
628 2112 781 2146 Castrum
811 2115 915 2146 eciam
947 2113 1023 2146 Fels
1053 2124 1125 2146 cum
1156 2116 1322 2147 universis
1352 2119 1383 2147 et
1411 2115 1549 2159 singulis
1578 2115 1749 2161 appendiis
1779 2119 1811 2149 et
1840 2116 2054 2161 pertinenciis
2092 2116 2160 2148 suis
2194 2123 2238 2147 ex

379 2178 468 2207 certa
499 2176 642 2207 sciencia
672 2184 732 2219 pro
762 2176 884 2207 nostris
913 2173 1025 2207 usibus
1055 2173 1207 2207 duximus
1237 2174 1427 2220 specialiter
1455 2175 1710 2209 reservandum.
1750 2174 1786 2208 In
1824 2179 1980 2209 eventum
2016 2177 2135 2215 eciam,
2174 2184 2238 2219 quo

379 2234 525 2279 prefatus
555 2233 703 2267 marchio
725 2236 755 2267 in
777 2233 863 2267 dicto
894 2234 1011 2267 ducatu
1032 2233 1337 2279 Luczembergensi
1362 2235 1523 2281 aliquibus
1552 2235 1690 2270 forsitan
1719 2235 1814 2269 tediis
1843 2235 1980 2268 affectus
2011 2245 2146 2268 manere
2175 2245 2233 2268 seu

381 2295 578 2328 domicilium
608 2305 701 2327 suum
733 2298 849 2327 tenere
878 2294 1031 2328 noluerit.
1063 2299 1186 2327 extunc
1215 2297 1321 2340 ipsum
1352 2295 1390 2329 ad
1420 2299 1676 2341 requisieionem
1702 2307 1793 2330 suam
1815 2299 1845 2329 in
1866 2298 2114 2341 possessionem
2135 2297 2234 2329 castri

381 2360 410 2387 et
440 2358 581 2388 civitatis
611 2354 804 2388 Glaczensis
835 2365 897 2388 nec
927 2366 991 2388 non
1022 2359 1052 2388 et
1090 2355 1177 2400 opidi
1218 2355 1461 2390 Frankenstein
1491 2361 1521 2390 et
1558 2359 1837 2402 pertiuenciarum
1875 2360 2021 2402 ipsorum
2063 2360 2094 2390 et
2132 2357 2236 2388 eciam

380 2415 639 2460 septimanalium
670 2417 884 2460 pecuniarum
914 2418 945 2448 in
974 2415 1140 2449 Montibus
1162 2415 1299 2450 Chutnis
1320 2416 1427 2450 denuo
1448 2428 1573 2462 ponere
1594 2416 1787 2450 debebimus
1807 2416 1948 2451 finaliter
1977 2421 2009 2451 et
2040 2415 2236 2450 transferre.

382 2474 419 2507 Et
468 2478 574 2508 onmia
614 2475 753 2521 dampna
793 2480 823 2508 et
862 2476 1003 2520 singula,
1052 2487 1115 2521 que
1150 2475 1271 2510 ibidem
1309 2488 1516 2522 quacumque
1566 2480 1702 2511 racione
1737 2480 1808 2511 sine
1851 2477 1926 2511 dolo
1964 2478 2170 2511 contraxerit
2206 2479 2237 2509 et

381 2538 557 2580 impensas.
597 2547 678 2580 quas
708 2535 871 2569 solvendo
900 2536 1047 2582 predicta
1084 2536 1191 2570 debita
1230 2536 1289 2570 seu
1324 2536 1410 2570 bona
1447 2537 1553 2583 aliqua
1591 2537 1785 2571 redimendo
1823 2538 1952 2581 fecerit,
1994 2536 2055 2571 sibi
2091 2548 2134 2570 ex
2171 2540 2238 2569 toto

380 2595 514 2628 solvere
543 2599 762 2641 promittimus
794 2602 823 2631 et
855 2597 1056 2643 spondemus
1087 2609 1125 2630 ac
1154 2600 1272 2643 ipsum2
1302 2596 1444 2630 heredes
1473 2601 1505 2630 et
1524 2609 1741 2632 successores
1761 2609 1840 2633 suos
1863 2601 1951 2632 eirca
1973 2598 2058 2631 dicta
2079 2602 2236 2640 castrum,

382 2658 547 2688 civitatem
579 2660 607 2687 et
639 2657 768 2701 opidum
801 2657 936 2691 realiter
964 2662 995 2691 et
1025 2657 1208 2691 efficaciter
1236 2667 1453 2693 conservare,
1483 2658 1694 2693 Presencium
1726 2658 1786 2693 sub
1806 2661 1901 2704 regie
1920 2663 2034 2693 nostre
2055 2659 2236 2702 majestatis
