<?xml version="1.0" encoding="UTF-8"?>
<!DOCTYPE html PUBLIC "-//W3C//DTD XHTML 1.0 Transitional//EN"
    "http://www.w3.org/TR/xhtml1/DTD/xhtml1-transitional.dtd">
<html xmlns="http://www.w3.org/1999/xhtml" xml:lang="en" lang="en">
 <head>
  <title>
</title>
<meta http-equiv="Content-Type" content="text/html;charset=utf-8" />
  <meta name='ocr-system' content='tesseract 3.04.00' />
  <meta name='ocr-capabilities' content='ocr_page ocr_carea ocr_par ocr_line ocrx_word'/>
</head>
<body>
  <div class='ocr_page' id='page_1' title='image "./codexdiplomaticu11morauoft_0363.png"; bbox 0 0 2336 3074; ppageno 0'>
   <div class='ocr_carea' id='block_1_1' title="bbox 986 183 1058 216">
    <p class='ocr_par' dir='ltr' id='par_1_1' title="bbox 986 183 1058 216">
     <span class='ocr_line' id='line_1_1' title="bbox 986 183 1058 216; baseline 0.014 -1"><span class='ocrx_word' id='word_1_1' title='bbox 986 183 1058 216; x_wconf 81' lang='lat'>339</span> 
     </span>
    </p>
   </div>
   <div class='ocr_carea' id='block_1_2' title="bbox 87 284 1951 514">
    <p class='ocr_par' dir='ltr' id='par_1_2' title="bbox 87 284 1951 514">
     <span class='ocr_line' id='line_1_2' title="bbox 90 284 1950 334; baseline 0.003 -18"><span class='ocrx_word' id='word_1_2' title='bbox 90 294 188 317; x_wconf 91' lang='lat' dir='ltr'>manu</span> <span class='ocrx_word' id='word_1_3' title='bbox 217 285 394 328; x_wconf 84' lang='lat' dir='ltr'>conjuncta</span> <span class='ocrx_word' id='word_1_4' title='bbox 431 288 463 317; x_wconf 85' lang='lat' dir='ltr'>et</span> <span class='ocrx_word' id='word_1_5' title='bbox 500 284 641 318; x_wconf 86' lang='lat' dir='ltr'>indivisa</span> <span class='ocrx_word' id='word_1_6' title='bbox 677 284 763 318; x_wconf 89' lang='lat' dir='ltr'>bona</span> <span class='ocrx_word' id='word_1_7' title='bbox 801 284 865 318; x_wconf 87' lang='lat' dir='ltr'>fide</span> <span class='ocrx_word' id='word_1_8' title='bbox 901 291 1013 320; x_wconf 88' lang='lat' dir='ltr'>nostra</span> <span class='ocrx_word' id='word_1_9' title='bbox 1052 287 1193 320; x_wconf 83' lang='lat' dir='ltr'>fideliter</span> <span class='ocrx_word' id='word_1_10' title='bbox 1229 291 1448 333; x_wconf 74' lang='lat' dir='ltr'>promittimus</span> <span class='ocrx_word' id='word_1_11' title='bbox 1486 288 1680 334; x_wconf 87' lang='lat' dir='ltr'>adimplere.</span> <span class='ocrx_word' id='word_1_12' title='bbox 1736 288 1773 322; x_wconf 94' lang='lat' dir='ltr'>In</span> <span class='ocrx_word' id='word_1_13' title='bbox 1811 299 1950 334; x_wconf 89' lang='lat' dir='ltr'>quorum</span> 
     </span>
     <span class='ocr_line' id='line_1_3' title="bbox 87 344 1949 392; baseline 0.003 -15"><span class='ocrx_word' id='word_1_14' title='bbox 87 347 230 378; x_wconf 89' lang='lat' dir='ltr'>omnium</span> <span class='ocrx_word' id='word_1_15' title='bbox 260 347 500 390; x_wconf 78' lang='lat' dir='ltr'>premissorum</span> <span class='ocrx_word' id='word_1_16' title='bbox 529 344 643 381; x_wconf 33' lang='lat' dir='ltr'>robur*</span> <span class='ocrx_word' id='word_1_17' title='bbox 673 348 897 379; x_wconf 87' lang='lat' dir='ltr'>testimonium</span> <span class='ocrx_word' id='word_1_18' title='bbox 935 351 1034 391; x_wconf 86' lang='lat' dir='ltr'>atque</span> <span class='ocrx_word' id='word_1_19' title='bbox 1063 347 1160 381; x_wconf 89' lang='lat' dir='ltr'>fidem</span> <span class='ocrx_word' id='word_1_20' title='bbox 1190 348 1297 392; x_wconf 82' lang='lat' dir='ltr'>sigilla</span> <span class='ocrx_word' id='word_1_21' title='bbox 1327 353 1440 382; x_wconf 85' lang='lat' dir='ltr'>nostra</span> <span class='ocrx_word' id='word_1_22' title='bbox 1471 349 1511 382; x_wconf 86' lang='lat' dir='ltr'>de</span> <span class='ocrx_word' id='word_1_23' title='bbox 1541 353 1631 383; x_wconf 85' lang='lat' dir='ltr'>certa</span> <span class='ocrx_word' id='word_1_24' title='bbox 1670 352 1775 383; x_wconf 83' lang='lat' dir='ltr'>nostri</span> <span class='ocrx_word' id='word_1_25' title='bbox 1803 352 1949 383; x_wconf 81' lang='lat' dir='ltr'>sciencia</span> 
     </span>
     <span class='ocr_line' id='line_1_4' title="bbox 88 405 1951 452; baseline 0.003 -14"><span class='ocrx_word' id='word_1_26' title='bbox 88 409 120 438; x_wconf 91' lang='lat' dir='ltr'>et</span> <span class='ocrx_word' id='word_1_27' title='bbox 148 405 319 439; x_wconf 87' lang='lat' dir='ltr'>voluntate</span> <span class='ocrx_word' id='word_1_28' title='bbox 347 405 559 451; x_wconf 74' lang='lat' dir='ltr'>presentibus</span> <span class='ocrx_word' id='word_1_29' title='bbox 588 410 663 440; x_wconf 90' lang='lat' dir='ltr'>sunt</span> <span class='ocrx_word' id='word_1_30' title='bbox 691 417 850 452; x_wconf 87' lang='lat' dir='ltr'>appensa.</span> <span class='ocrx_word' id='word_1_31' title='bbox 908 406 1027 440; x_wconf 87' lang='lat' dir='ltr'>Datum</span> <span class='ocrx_word' id='word_1_32' title='bbox 1067 407 1179 441; x_wconf 88' lang='lat' dir='ltr'>Brune</span> <span class='ocrx_word' id='word_1_33' title='bbox 1217 420 1304 441; x_wconf 88' lang='lat' dir='ltr'>anno</span> <span class='ocrx_word' id='word_1_34' title='bbox 1342 409 1464 443; x_wconf 90' lang='lat' dir='ltr'>domini</span> <span class='ocrx_word' id='word_1_35' title='bbox 1501 409 1676 443; x_wconf 86' lang='lat' dir='ltr'>millesimo</span> <span class='ocrx_word' id='word_1_36' title='bbox 1715 413 1951 444; x_wconf 86' lang='lat' dir='ltr'>trecentesimo</span> 
     </span>
     <span class='ocr_line' id='line_1_5' title="bbox 87 465 1482 514; baseline 0.004 -16"><span class='ocrx_word' id='word_1_37' title='bbox 87 468 318 510; x_wconf 83' lang='lat' dir='ltr'>octuagesimo</span> <span class='ocrx_word' id='word_1_38' title='bbox 347 468 472 511; x_wconf 68' lang='lat' dir='ltr'>quinto.</span> <span class='ocrx_word' id='word_1_39' title='bbox 502 469 534 499; x_wconf 89' lang='lat' dir='ltr'>in</span> <span class='ocrx_word' id='word_1_40' title='bbox 562 465 649 500; x_wconf 88' lang='lat' dir='ltr'>festo</span> <span class='ocrx_word' id='word_1_41' title='bbox 678 465 851 500; x_wconf 88' lang='lat' dir='ltr'>beatorum</span> <span class='ocrx_word' id='word_1_42' title='bbox 881 466 1041 512; x_wconf 73' lang='lat' dir='ltr'>Symonis</span> <span class='ocrx_word' id='word_1_43' title='bbox 1071 472 1103 501; x_wconf 89' lang='lat' dir='ltr'>et</span> <span class='ocrx_word' id='word_1_44' title='bbox 1130 468 1216 501; x_wconf 90' lang='lat' dir='ltr'>Jude</span> <span class='ocrx_word' id='word_1_45' title='bbox 1245 470 1482 514; x_wconf 88' lang='lat' dir='ltr'>apostolorum.</span> 
     </span>
    </p>
   </div>
   <div class='ocr_carea' id='block_1_3' title="bbox 400 553 1162 588">
    <p class='ocr_par' dir='ltr' id='par_1_3' title="bbox 400 553 1162 588">
     <span class='ocr_line' id='line_1_6' title="bbox 400 553 1162 588; baseline 0.001 -10"><span class='ocrx_word' id='word_1_46' title='bbox 400 553 491 588; x_wconf 81' lang='lat' dir='ltr'>(Orig.</span> <span class='ocrx_word' id='word_1_47' title='bbox 516 554 598 587; x_wconf 82' lang='lat' dir='ltr'>Perg.</span> <span class='ocrx_word' id='word_1_48' title='bbox 626 554 640 579; x_wconf 84' lang='lat'>7</span> <span class='ocrx_word' id='word_1_49' title='bbox 666 553 694 580; x_wconf 87' lang='lat' dir='ltr'>h.</span> <span class='ocrx_word' id='word_1_50' title='bbox 721 553 778 587; x_wconf 75' lang='lat' dir='ltr'>Sig.</span> <span class='ocrx_word' id='word_1_51' title='bbox 803 554 839 579; x_wconf 91' lang='lat' dir='ltr'>im</span> <span class='ocrx_word' id='word_1_52' title='bbox 865 554 937 580; x_wconf 91' lang='lat' dir='ltr'>Olm.</span> <span class='ocrx_word' id='word_1_53' title='bbox 962 554 1037 588; x_wconf 85' lang='lat' dir='ltr'>Kap.</span> <span class='ocrx_word' id='word_1_54' title='bbox 1062 555 1162 587; x_wconf 72' lang='lat' dir='ltr'>Arc-li.)</span> 
     </span>
    </p>
   </div>
   <div class='ocr_carea' id='block_1_4' title="bbox 967 752 1075 787">
    <p class='ocr_par' dir='ltr' id='par_1_4' title="bbox 967 752 1075 787">
     <span class='ocr_line' id='line_1_7' title="bbox 967 752 1075 787; baseline -0.009 0"><span class='ocrx_word' id='word_1_55' title='bbox 967 752 1075 787; x_wconf 73' lang='lat'>375.</span> 
     </span>
    </p>
   </div>
   <div class='ocr_carea' id='block_1_5' title="bbox 89 861 1948 960">
    <p class='ocr_par' dir='ltr' id='par_1_5' title="bbox 89 861 1948 960">
     <span class='ocr_line' id='line_1_8' title="bbox 89 861 1948 907; baseline 0.003 -12"><span class='ocrx_word' id='word_1_56' title='bbox 89 861 158 896; x_wconf 72' lang='lat' dir='ltr'>Die</span> <span class='ocrx_word' id='word_1_57' title='bbox 186 862 326 896; x_wconf 73' lang='lat' dir='ltr'>Briider</span> <span class='ocrx_word' id='word_1_58' title='bbox 354 863 546 906; x_wconf 67' lang='lat' dir='ltr'>Bolmslar,</span> <span class='ocrx_word' id='word_1_59' title='bbox 576 863 726 907; x_wconf 69' lang='lat' dir='ltr'>Inyrom.</span> <span class='ocrx_word' id='word_1_60' title='bbox 757 863 845 896; x_wconf 69' lang='lat' dir='ltr'>smil</span> <span class='ocrx_word' id='word_1_61' title='bbox 871 865 940 897; x_wconf 76' lang='lat' dir='ltr'>mn!</span> <span class='ocrx_word' id='word_1_62' title='bbox 976 863 1130 898; x_wconf 69' lang='lat' dir='ltr'>ll&#39;e&#39;lhelm</span> <span class='ocrx_word' id='word_1_63' title='bbox 1162 876 1223 898; x_wconf 81' lang='grc' dir='ltr'>1·οη</span> <span class='ocrx_word' id='word_1_64' title='bbox 1254 865 1433 899; x_wconf 72' lang='lat' dir='ltr'>Pet-nstein</span> <span class='ocrx_word' id='word_1_65' title='bbox 1463 865 1632 900; x_wconf 74' lang='lat' dir='ltr'>schetelsen</span> <span class='ocrx_word' id='word_1_66' title='bbox 1662 867 1722 900; x_wconf 83' lang='lat' dir='ltr'>der</span> <span class='ocrx_word' id='word_1_67' title='bbox 1758 867 1887 901; x_wconf 73' lang='lat' dir='ltr'>Ise&#39;rclze</span> <span class='ocrx_word' id='word_1_68' title='bbox 1916 869 1948 900; x_wconf 70' lang='lat'>1⁶12</span> 
     </span>
     <span class='ocr_line' id='line_1_9' title="bbox 320 922 1713 960; baseline 0.003 -4"><span class='ocrx_word' id='word_1_69' title='bbox 320 922 470 957; x_wconf 64' lang='lat' dir='ltr'>Dalec&#39;v&#39;n</span> <span class='ocrx_word' id='word_1_70' title='bbox 502 925 599 957; x_wconf 74' lang='lat' dir='ltr'>einen</span> <span class='ocrx_word' id='word_1_71' title='bbox 630 923 805 957; x_wconf 78' lang='lat' dir='ltr'>Halblalm</span> <span class='ocrx_word' id='word_1_72' title='bbox 836 923 999 958; x_wconf 83' lang='lat' dir='ltr'>daselbst.</span> <span class='ocrx_word' id='word_1_73' title='bbox 1032 924 1088 958; x_wconf 80' lang='lat' dir='ltr'>Dt.</span> <span class='ocrx_word' id='word_1_74' title='bbox 1120 924 1297 958; x_wconf 72' lang='lat' dir='ltr'>Perustein</span> <span class='ocrx_word' id='word_1_75' title='bbox 1328 925 1386 959; x_wconf 75' lang='lat'>28.</span> <span class='ocrx_word' id='word_1_76' title='bbox 1423 925 1573 959; x_wconf 57' lang='lat' dir='ltr'>Oli-tober</span> <span class='ocrx_word' id='word_1_77' title='bbox 1604 926 1713 960; x_wconf 79' lang='lat'><em>1385.</em></span> 
     </span>
    </p>
   </div>
   <div class='ocr_carea' id='block_1_6' title="bbox 80 1008 1949 2346">
    <p class='ocr_par' dir='ltr' id='par_1_6' title="bbox 80 1008 1949 2346">
     <span class='ocr_line' id='line_1_10' title="bbox 242 1008 1948 1076; baseline 0.003 -16"><span class='ocrx_word' id='word_1_78' title='bbox 242 1008 427 1061; x_wconf 67' lang='lat' dir='ltr'>Noverint</span> <span class='ocrx_word' id='word_1_79' title='bbox 470 1030 619 1061; x_wconf 82' lang='lat' dir='ltr'>universi</span> <span class='ocrx_word' id='word_1_80' title='bbox 661 1039 701 1061; x_wconf 86' lang='lat' dir='ltr'>ac</span> <span class='ocrx_word' id='word_1_81' title='bbox 743 1028 876 1072; x_wconf 61' lang='lat' dir='ltr'>singuli„</span> <span class='ocrx_word' id='word_1_82' title='bbox 920 1028 960 1061; x_wconf 88' lang='lat' dir='ltr'>ad</span> <span class='ocrx_word' id='word_1_83' title='bbox 1003 1039 1086 1073; x_wconf 90' lang='lat' dir='ltr'>quos</span> <span class='ocrx_word' id='word_1_84' title='bbox 1128 1040 1267 1074; x_wconf 86' lang='lat' dir='ltr'>presens</span> <span class='ocrx_word' id='word_1_85' title='bbox 1309 1033 1467 1075; x_wconf 89' lang='lat' dir='ltr'>scriptum</span> <span class='ocrx_word' id='word_1_86' title='bbox 1509 1030 1721 1075; x_wconf 72' lang='lat' dir='ltr'>devolvetur,</span> <span class='ocrx_word' id='word_1_87' title='bbox 1759 1032 1845 1076; x_wconf 89' lang='lat' dir='ltr'>quod</span> <span class='ocrx_word' id='word_1_88' title='bbox 1887 1043 1948 1065; x_wconf 89' lang='lat' dir='ltr'>nos</span> 
     </span>
     <span class='ocr_line' id='line_1_11' title="bbox 84 1087 1948 1133; baseline 0.002 -12"><span class='ocrx_word' id='word_1_89' title='bbox 84 1087 283 1131; x_wconf 72' lang='lat' dir='ltr'>Bohuslaus.</span> <span class='ocrx_word' id='word_1_90' title='bbox 309 1088 497 1133; x_wconf 66' lang='lat' dir='ltr'>Ingramus,</span> <span class='ocrx_word' id='word_1_91' title='bbox 527 1088 655 1132; x_wconf 75' lang='lat' dir='ltr'>Smillo‚</span> <span class='ocrx_word' id='word_1_92' title='bbox 684 1088 886 1122; x_wconf 59' lang='lat' dir='ltr'>W&#39;ilhelmus</span> <span class='ocrx_word' id='word_1_93' title='bbox 906 1088 1027 1122; x_wconf 87' lang='lat' dir='ltr'>fratres</span> <span class='ocrx_word' id='word_1_94' title='bbox 1057 1089 1097 1123; x_wconf 90' lang='lat' dir='ltr'>de</span> <span class='ocrx_word' id='word_1_95' title='bbox 1126 1088 1286 1123; x_wconf 86' lang='lat' dir='ltr'>Pernsten</span> <span class='ocrx_word' id='word_1_96' title='bbox 1307 1101 1370 1123; x_wconf 85' lang='lat' dir='ltr'>una</span> <span class='ocrx_word' id='word_1_97' title='bbox 1400 1102 1473 1124; x_wconf 89' lang='lat' dir='ltr'>cum</span> <span class='ocrx_word' id='word_1_98' title='bbox 1503 1094 1625 1125; x_wconf 91' lang='lat' dir='ltr'>nostris</span> <span class='ocrx_word' id='word_1_99' title='bbox 1654 1091 1833 1125; x_wconf 85' lang='lat' dir='ltr'>heredibus</span> <span class='ocrx_word' id='word_1_100' title='bbox 1862 1091 1948 1126; x_wconf 89' lang='lat' dir='ltr'>bona</span> 
     </span>
     <span class='ocr_line' id='line_1_12' title="bbox 84 1147 1948 1197; baseline 0.002 -15"><span class='ocrx_word' id='word_1_101' title='bbox 84 1147 332 1182; x_wconf 83' lang='lat' dir='ltr'>deliberacione</span> <span class='ocrx_word' id='word_1_102' title='bbox 361 1154 489 1182; x_wconf 88' lang='lat' dir='ltr'>maturo</span> <span class='ocrx_word' id='word_1_103' title='bbox 519 1160 651 1194; x_wconf 87' lang='lat' dir='ltr'>quoque</span> <span class='ocrx_word' id='word_1_104' title='bbox 680 1149 818 1183; x_wconf 89' lang='lat' dir='ltr'>consilio</span> <span class='ocrx_word' id='word_1_105' title='bbox 847 1149 1029 1195; x_wconf 89' lang='lat' dir='ltr'>prehabitis</span> <span class='ocrx_word' id='word_1_106' title='bbox 1059 1153 1230 1195; x_wconf 88' lang='lat' dir='ltr'>cupientes</span> <span class='ocrx_word' id='word_1_107' title='bbox 1258 1162 1318 1197; x_wconf 93' lang='lat' dir='ltr'>pro</span> <span class='ocrx_word' id='word_1_108' title='bbox 1348 1151 1533 1185; x_wconf 86' lang='lat' dir='ltr'>hereditate</span> <span class='ocrx_word' id='word_1_109' title='bbox 1562 1154 1752 1185; x_wconf 90' lang='lat' dir='ltr'>transitoria</span> <span class='ocrx_word' id='word_1_110' title='bbox 1782 1153 1948 1186; x_wconf 82' lang='lat' dir='ltr'>redimere</span> 
     </span>
     <span class='ocr_line' id='line_1_13' title="bbox 83 1209 1949 1258; baseline 0.002 -15"><span class='ocrx_word' id='word_1_111' title='bbox 83 1214 291 1255; x_wconf 71' lang='lat' dir='ltr'>perpetuam,</span> <span class='ocrx_word' id='word_1_112' title='bbox 320 1209 553 1255; x_wconf 72' lang='lat' dir='ltr'>vendentesss]</span> <span class='ocrx_word' id='word_1_113' title='bbox 583 1214 768 1255; x_wconf 77' lang='lat' dir='ltr'>egestatem</span> <span class='ocrx_word' id='word_1_114' title='bbox 795 1214 827 1243; x_wconf 88' lang='lat' dir='ltr'>et</span> <span class='ocrx_word' id='word_1_115' title='bbox 855 1210 1005 1244; x_wconf 89' lang='lat' dir='ltr'>defectus</span> <span class='ocrx_word' id='word_1_116' title='bbox 1034 1214 1189 1256; x_wconf 76' lang='lat' dir='ltr'>pauperis</span> <span class='ocrx_word' id='word_1_117' title='bbox 1210 1212 1352 1246; x_wconf 80' lang='lat' dir='ltr'>ecclesie</span> <span class='ocrx_word' id='word_1_118' title='bbox 1381 1216 1414 1246; x_wconf 87' lang='lat' dir='ltr'>in</span> <span class='ocrx_word' id='word_1_119' title='bbox 1442 1212 1614 1258; x_wconf 63' lang='lat' dir='ltr'>Daleczyn</span> <span class='ocrx_word' id='word_1_120' title='bbox 1644 1212 1788 1247; x_wconf 84' lang='lat' dir='ltr'>inclinati</span> <span class='ocrx_word' id='word_1_121' title='bbox 1818 1224 1949 1258; x_wconf 89' lang='lat' dir='ltr'>quoque</span> 
     </span>
     <span class='ocr_line' id='line_1_14' title="bbox 83 1269 1948 1316; baseline 0.002 -13"><span class='ocrx_word' id='word_1_122' title='bbox 83 1269 238 1315; x_wconf 89' lang='lat' dir='ltr'>precibus</span> <span class='ocrx_word' id='word_1_123' title='bbox 286 1270 486 1304; x_wconf 86' lang='lat' dir='ltr'>multimodis</span> <span class='ocrx_word' id='word_1_124' title='bbox 533 1270 657 1304; x_wconf 90' lang='lat' dir='ltr'>domini</span> <span class='ocrx_word' id='word_1_125' title='bbox 706 1270 884 1304; x_wconf 88' lang='lat' dir='ltr'>Sbinconis</span> <span class='ocrx_word' id='word_1_126' title='bbox 925 1270 1058 1316; x_wconf 80' lang='lat' dir='ltr'>plebani</span> <span class='ocrx_word' id='word_1_127' title='bbox 1101 1272 1249 1305; x_wconf 86' lang='lat' dir='ltr'>eiusdem</span> <span class='ocrx_word' id='word_1_128' title='bbox 1292 1273 1436 1306; x_wconf 76' lang='lat' dir='ltr'>ecclesie</span> <span class='ocrx_word' id='word_1_129' title='bbox 1479 1277 1511 1306; x_wconf 92' lang='lat' dir='ltr'>et</span> <span class='ocrx_word' id='word_1_130' title='bbox 1540 1275 1646 1306; x_wconf 85' lang='lat' dir='ltr'>eciam</span> <span class='ocrx_word' id='word_1_131' title='bbox 1689 1275 1721 1306; x_wconf 91' lang='lat' dir='ltr'>in</span> <span class='ocrx_word' id='word_1_132' title='bbox 1763 1273 1948 1306; x_wconf 85' lang='lat' dir='ltr'>remedium</span> 
     </span>
     <span class='ocr_line' id='line_1_15' title="bbox 82 1331 1947 1378; baseline 0.002 -15"><span class='ocrx_word' id='word_1_133' title='bbox 82 1333 266 1364; x_wconf 89' lang='lat' dir='ltr'>animarum</span> <span class='ocrx_word' id='word_1_134' title='bbox 303 1335 491 1364; x_wconf 90' lang='lat' dir='ltr'>nostrarum</span> <span class='ocrx_word' id='word_1_135' title='bbox 528 1342 658 1364; x_wconf 87' lang='lat' dir='ltr'>necnon</span> <span class='ocrx_word' id='word_1_136' title='bbox 693 1331 971 1377; x_wconf 86' lang='lat' dir='ltr'>predecessorum</span> <span class='ocrx_word' id='word_1_137' title='bbox 1011 1336 1200 1365; x_wconf 87' lang='lat' dir='ltr'>nostrorum</span> <span class='ocrx_word' id='word_1_138' title='bbox 1240 1333 1389 1366; x_wconf 82' lang='lat' dir='ltr'>dedimus</span> <span class='ocrx_word' id='word_1_139' title='bbox 1418 1337 1579 1378; x_wconf 88' lang='lat' dir='ltr'>perpetue</span> <span class='ocrx_word' id='word_1_140' title='bbox 1608 1333 1751 1367; x_wconf 85' lang='lat' dir='ltr'>ecclesie</span> <span class='ocrx_word' id='word_1_141' title='bbox 1785 1332 1947 1378; x_wconf 89' lang='lat' dir='ltr'>prelibate</span> 
     </span>
     <span class='ocr_line' id='line_1_16' title="bbox 82 1390 1946 1438; baseline 0.002 -14"><span class='ocrx_word' id='word_1_142' title='bbox 82 1393 114 1424; x_wconf 92' lang='lat' dir='ltr'>in</span> <span class='ocrx_word' id='word_1_143' title='bbox 143 1390 238 1424; x_wconf 85' lang='lat' dir='ltr'>bonis</span> <span class='ocrx_word' id='word_1_144' title='bbox 274 1394 397 1425; x_wconf 90' lang='lat' dir='ltr'>nostris</span> <span class='ocrx_word' id='word_1_145' title='bbox 426 1394 458 1425; x_wconf 92' lang='lat' dir='ltr'>in</span> <span class='ocrx_word' id='word_1_146' title='bbox 495 1391 667 1438; x_wconf 80' lang='lat' dir='ltr'>Daleczyn</span> <span class='ocrx_word' id='word_1_147' title='bbox 697 1392 840 1425; x_wconf 90' lang='lat' dir='ltr'>medium</span> <span class='ocrx_word' id='word_1_148' title='bbox 875 1392 1020 1435; x_wconf 61' lang='lat' dir='ltr'>laneum,</span> <span class='ocrx_word' id='word_1_149' title='bbox 1051 1393 1136 1438; x_wconf 90' lang='lat' dir='ltr'>quod</span> <span class='ocrx_word' id='word_1_150' title='bbox 1175 1396 1317 1438; x_wconf 85' lang='lat' dir='ltr'>pertinet</span> <span class='ocrx_word' id='word_1_151' title='bbox 1346 1393 1385 1426; x_wconf 89' lang='lat' dir='ltr'>ad</span> <span class='ocrx_word' id='word_1_152' title='bbox 1415 1397 1540 1426; x_wconf 90' lang='lat' dir='ltr'>curiam</span> <span class='ocrx_word' id='word_1_153' title='bbox 1570 1398 1716 1427; x_wconf 81' lang='lat' dir='ltr'>nostram</span> <span class='ocrx_word' id='word_1_154' title='bbox 1752 1393 1884 1436; x_wconf 59' lang='lat' dir='ltr'>ibidem,</span> <span class='ocrx_word' id='word_1_155' title='bbox 1915 1396 1946 1427; x_wconf 89' lang='lat' dir='ltr'>in</span> 
     </span>
     <span class='ocr_line' id='line_1_17' title="bbox 82 1452 1946 1498; baseline 0.001 -13"><span class='ocrx_word' id='word_1_156' title='bbox 82 1462 147 1497; x_wconf 90' lang='lat' dir='ltr'>quo</span> <span class='ocrx_word' id='word_1_157' title='bbox 175 1452 384 1497; x_wconf 89' lang='lat' dir='ltr'>postmodum</span> <span class='ocrx_word' id='word_1_158' title='bbox 414 1452 538 1486; x_wconf 86' lang='lat' dir='ltr'>resedit</span> <span class='ocrx_word' id='word_1_159' title='bbox 566 1452 666 1486; x_wconf 87' lang='lat' dir='ltr'>homo</span> <span class='ocrx_word' id='word_1_160' title='bbox 695 1457 810 1486; x_wconf 88' lang='lat' dir='ltr'>noster</span> <span class='ocrx_word' id='word_1_161' title='bbox 839 1452 1004 1486; x_wconf 88' lang='lat' dir='ltr'>censualis</span> <span class='ocrx_word' id='word_1_162' title='bbox 1033 1453 1138 1486; x_wconf 88' lang='lat' dir='ltr'>dictus</span> <span class='ocrx_word' id='word_1_163' title='bbox 1167 1453 1296 1488; x_wconf 77' lang='lat' dir='ltr'>Radon.</span> <span class='ocrx_word' id='word_1_164' title='bbox 1327 1465 1400 1487; x_wconf 89' lang='lat' dir='ltr'>cum</span> <span class='ocrx_word' id='word_1_165' title='bbox 1430 1453 1581 1487; x_wconf 91' lang='lat' dir='ltr'>omnibus</span> <span class='ocrx_word' id='word_1_166' title='bbox 1606 1453 1749 1498; x_wconf 57' lang='lat' dir='ltr'>juribus5</span> <span class='ocrx_word' id='word_1_167' title='bbox 1779 1453 1946 1487; x_wconf 84' lang='lat' dir='ltr'>censibus.</span> 
     </span>
     <span class='ocr_line' id='line_1_18' title="bbox 83 1511 1947 1559; baseline 0.001 -14"><span class='ocrx_word' id='word_1_168' title='bbox 83 1511 207 1555; x_wconf 66' lang='lat' dir='ltr'>usibus‚</span> <span class='ocrx_word' id='word_1_169' title='bbox 245 1512 405 1555; x_wconf 47' lang='lat' dir='ltr'>emendis2</span> <span class='ocrx_word' id='word_1_170' title='bbox 437 1512 609 1547; x_wconf 89' lang='lat' dir='ltr'>fructibus.</span> <span class='ocrx_word' id='word_1_171' title='bbox 647 1512 878 1559; x_wconf 52' lang='lat' dir='ltr'>proventibus</span> <span class='ocrx_word' id='word_1_172' title='bbox 917 1517 1008 1557; x_wconf 79' lang='lat' dir='ltr'>agris</span> <span class='ocrx_word' id='word_1_173' title='bbox 1038 1513 1132 1547; x_wconf 87' lang='lat' dir='ltr'>cultis</span> <span class='ocrx_word' id='word_1_174' title='bbox 1161 1518 1191 1547; x_wconf 89' lang='lat' dir='ltr'>et</span> <span class='ocrx_word' id='word_1_175' title='bbox 1221 1514 1362 1557; x_wconf 61' lang='lat' dir='ltr'>incultis,</span> <span class='ocrx_word' id='word_1_176' title='bbox 1391 1517 1505 1559; x_wconf 86' lang='lat' dir='ltr'>pratis.</span> <span class='ocrx_word' id='word_1_177' title='bbox 1544 1513 1681 1558; x_wconf 67' lang='lat' dir='ltr'>rubetis⁷</span> <span class='ocrx_word' id='word_1_178' title='bbox 1711 1514 1815 1557; x_wconf 87' lang='lat' dir='ltr'>silvis.</span> <span class='ocrx_word' id='word_1_179' title='bbox 1853 1517 1947 1547; x_wconf 89' lang='lat' dir='ltr'>metis</span> 
     </span>
     <span class='ocr_line' id='line_1_19' title="bbox 82 1572 1947 1620; baseline 0.001 -14"><span class='ocrx_word' id='word_1_180' title='bbox 82 1572 121 1606; x_wconf 91' lang='lat' dir='ltr'>ad</span> <span class='ocrx_word' id='word_1_181' title='bbox 152 1576 258 1618; x_wconf 90' lang='lat' dir='ltr'>ipsum</span> <span class='ocrx_word' id='word_1_182' title='bbox 287 1573 430 1606; x_wconf 91' lang='lat' dir='ltr'>medium</span> <span class='ocrx_word' id='word_1_183' title='bbox 458 1573 589 1607; x_wconf 88' lang='lat' dir='ltr'>laneum</span> <span class='ocrx_word' id='word_1_184' title='bbox 619 1573 844 1619; x_wconf 84' lang='lat' dir='ltr'>spectantibus</span> <span class='ocrx_word' id='word_1_185' title='bbox 873 1579 905 1607; x_wconf 87' lang='lat' dir='ltr'>et</span> <span class='ocrx_word' id='word_1_186' title='bbox 933 1574 1030 1620; x_wconf 91' lang='lat' dir='ltr'>pleno</span> <span class='ocrx_word' id='word_1_187' title='bbox 1061 1574 1217 1617; x_wconf 72' lang='lat' dir='ltr'>dominio.</span> <span class='ocrx_word' id='word_1_188' title='bbox 1247 1579 1279 1607; x_wconf 90' lang='lat' dir='ltr'>ut</span> <span class='ocrx_word' id='word_1_189' title='bbox 1307 1575 1569 1620; x_wconf 85' lang='lat' dir='ltr'>predecessores</span> <span class='ocrx_word' id='word_1_190' title='bbox 1596 1577 1702 1608; x_wconf 85' lang='lat' dir='ltr'>nostri</span> <span class='ocrx_word' id='word_1_191' title='bbox 1731 1579 1763 1608; x_wconf 87' lang='lat' dir='ltr'>et</span> <span class='ocrx_word' id='word_1_192' title='bbox 1790 1586 1852 1608; x_wconf 93' lang='lat' dir='ltr'>nos</span> <span class='ocrx_word' id='word_1_193' title='bbox 1880 1579 1947 1608; x_wconf 87' lang='lat' dir='ltr'>met</span> 
     </span>
     <span class='ocr_line' id='line_1_20' title="bbox 81 1632 1943 1680; baseline 0.001 -14"><span class='ocrx_word' id='word_1_194' title='bbox 81 1632 253 1678; x_wconf 89' lang='lat' dir='ltr'>hucusque</span> <span class='ocrx_word' id='word_1_195' title='bbox 289 1636 464 1667; x_wconf 87' lang='lat' dir='ltr'>tenuimus.</span> <span class='ocrx_word' id='word_1_196' title='bbox 511 1633 736 1668; x_wconf 87' lang='lat' dir='ltr'>Promittimus</span> <span class='ocrx_word' id='word_1_197' title='bbox 773 1646 905 1680; x_wconf 87' lang='lat' dir='ltr'>quoque</span> <span class='ocrx_word' id='word_1_198' title='bbox 940 1646 1003 1668; x_wconf 86' lang='lat' dir='ltr'>una</span> <span class='ocrx_word' id='word_1_199' title='bbox 1040 1646 1113 1668; x_wconf 88' lang='lat' dir='ltr'>cum</span> <span class='ocrx_word' id='word_1_200' title='bbox 1144 1635 1322 1668; x_wconf 86' lang='lat' dir='ltr'>heredibus</span> <span class='ocrx_word' id='word_1_201' title='bbox 1350 1638 1472 1668; x_wconf 87' lang='lat' dir='ltr'>nostris</span> <span class='ocrx_word' id='word_1_202' title='bbox 1510 1635 1654 1668; x_wconf 87' lang='lat' dir='ltr'>ecclesie</span> <span class='ocrx_word' id='word_1_203' title='bbox 1689 1638 1874 1680; x_wconf 88' lang='lat' dir='ltr'>prescripte</span> <span class='ocrx_word' id='word_1_204' title='bbox 1913 1639 1943 1668; x_wconf 90' lang='lat' dir='ltr'>et</span> 
     </span>
     <span class='ocr_line' id='line_1_21' title="bbox 80 1693 1944 1741; baseline 0.001 -14"><span class='ocrx_word' id='word_1_205' title='bbox 80 1693 230 1740; x_wconf 85' lang='lat' dir='ltr'>plebanis</span> <span class='ocrx_word' id='word_1_206' title='bbox 276 1694 397 1728; x_wconf 87' lang='lat' dir='ltr'>ibidem</span> <span class='ocrx_word' id='word_1_207' title='bbox 444 1695 654 1740; x_wconf 91' lang='lat' dir='ltr'>presentibus</span> <span class='ocrx_word' id='word_1_208' title='bbox 698 1700 730 1728; x_wconf 86' lang='lat' dir='ltr'>et</span> <span class='ocrx_word' id='word_1_209' title='bbox 768 1695 884 1729; x_wconf 88' lang='lat' dir='ltr'>futuris</span> <span class='ocrx_word' id='word_1_210' title='bbox 929 1695 1134 1741; x_wconf 87' lang='lat' dir='ltr'>temporibus</span> <span class='ocrx_word' id='word_1_211' title='bbox 1179 1699 1391 1741; x_wconf 87' lang='lat' dir='ltr'>sempiternis</span> <span class='ocrx_word' id='word_1_212' title='bbox 1437 1695 1600 1741; x_wconf 88' lang='lat' dir='ltr'>prefatum</span> <span class='ocrx_word' id='word_1_213' title='bbox 1640 1696 1784 1729; x_wconf 90' lang='lat' dir='ltr'>medium</span> <span class='ocrx_word' id='word_1_214' title='bbox 1813 1695 1944 1729; x_wconf 86' lang='lat' dir='ltr'>laneum</span> 
     </span>
     <span class='ocr_line' id='line_1_22' title="bbox 82 1754 1944 1802; baseline 0.001 -14"><span class='ocrx_word' id='word_1_215' title='bbox 82 1754 271 1798; x_wconf 60' lang='lat' dir='ltr'>defensare,</span> <span class='ocrx_word' id='word_1_216' title='bbox 314 1758 476 1800; x_wconf 69' lang='lat' dir='ltr'>quietare,</span> <span class='ocrx_word' id='word_1_217' title='bbox 528 1755 715 1801; x_wconf 76' lang='lat' dir='ltr'>disbrigare</span> <span class='ocrx_word' id='word_1_218' title='bbox 757 1756 797 1790; x_wconf 91' lang='lat' dir='ltr'>ah</span> <span class='ocrx_word' id='word_1_219' title='bbox 846 1756 1082 1802; x_wconf 86' lang='lat' dir='ltr'>impedimento</span> <span class='ocrx_word' id='word_1_220' title='bbox 1131 1755 1302 1789; x_wconf 84' lang='lat' dir='ltr'>cuiuslibet</span> <span class='ocrx_word' id='word_1_221' title='bbox 1349 1756 1503 1799; x_wconf 70' lang='lat' dir='ltr'>hominis.</span> <span class='ocrx_word' id='word_1_222' title='bbox 1552 1767 1612 1801; x_wconf 90' lang='lat' dir='ltr'>pro</span> <span class='ocrx_word' id='word_1_223' title='bbox 1654 1755 1772 1801; x_wconf 90' lang='lat' dir='ltr'>quibus</span> <span class='ocrx_word' id='word_1_224' title='bbox 1814 1756 1944 1801; x_wconf 87' lang='lat' dir='ltr'>quidem</span> 
     </span>
     <span class='ocr_line' id='line_1_23' title="bbox 81 1815 1945 1862; baseline 0.001 -13"><span class='ocrx_word' id='word_1_225' title='bbox 81 1815 252 1849; x_wconf 84' lang='lat' dir='ltr'>beneficiis</span> <span class='ocrx_word' id='word_1_226' title='bbox 289 1819 360 1861; x_wconf 90' lang='lat' dir='ltr'>ipse</span> <span class='ocrx_word' id='word_1_227' title='bbox 387 1816 548 1862; x_wconf 88' lang='lat' dir='ltr'>plebanus</span> <span class='ocrx_word' id='word_1_228' title='bbox 586 1821 618 1850; x_wconf 85' lang='lat' dir='ltr'>et</span> <span class='ocrx_word' id='word_1_229' title='bbox 646 1820 696 1851; x_wconf 90' lang='lat' dir='ltr'>sui</span> <span class='ocrx_word' id='word_1_230' title='bbox 733 1828 950 1851; x_wconf 88' lang='lat' dir='ltr'>successores</span> <span class='ocrx_word' id='word_1_231' title='bbox 986 1819 1156 1862; x_wconf 90' lang='lat' dir='ltr'>perpetuis</span> <span class='ocrx_word' id='word_1_232' title='bbox 1185 1816 1388 1861; x_wconf 86' lang='lat' dir='ltr'>temporibus</span> <span class='ocrx_word' id='word_1_233' title='bbox 1424 1819 1513 1849; x_wconf 92' lang='lat' dir='ltr'>omni</span> <span class='ocrx_word' id='word_1_234' title='bbox 1541 1816 1670 1849; x_wconf 87' lang='lat' dir='ltr'>malicia</span> <span class='ocrx_word' id='word_1_235' title='bbox 1700 1821 1731 1850; x_wconf 87' lang='lat' dir='ltr'>et</span> <span class='ocrx_word' id='word_1_236' title='bbox 1766 1819 1945 1850; x_wconf 90' lang='lat' dir='ltr'>occasione</span> 
     </span>
     <span class='ocr_line' id='line_1_24' title="bbox 82 1876 1945 1922; baseline 0 -12"><span class='ocrx_word' id='word_1_237' title='bbox 82 1879 200 1921; x_wconf 84' lang='lat' dir='ltr'>quavis</span> <span class='ocrx_word' id='word_1_238' title='bbox 236 1876 442 1922; x_wconf 89' lang='lat' dir='ltr'>proculmota</span> <span class='ocrx_word' id='word_1_239' title='bbox 480 1877 679 1911; x_wconf 87' lang='lat' dir='ltr'>tenebuntur</span> <span class='ocrx_word' id='word_1_240' title='bbox 716 1877 800 1911; x_wconf 88' lang='lat' dir='ltr'>infra</span> <span class='ocrx_word' id='word_1_241' title='bbox 830 1877 957 1911; x_wconf 89' lang='lat' dir='ltr'>duobus</span> <span class='ocrx_word' id='word_1_242' title='bbox 992 1877 1160 1911; x_wconf 87' lang='lat' dir='ltr'>mensibus</span> <span class='ocrx_word' id='word_1_243' title='bbox 1190 1888 1254 1910; x_wconf 88' lang='lat' dir='ltr'>uno</span> <span class='ocrx_word' id='word_1_244' title='bbox 1291 1876 1342 1909; x_wconf 88' lang='lat' dir='ltr'>die</span> <span class='ocrx_word' id='word_1_245' title='bbox 1371 1876 1411 1909; x_wconf 91' lang='lat' dir='ltr'>ad</span> <span class='ocrx_word' id='word_1_246' title='bbox 1440 1876 1505 1910; x_wconf 89' lang='lat' dir='ltr'>hoc</span> <span class='ocrx_word' id='word_1_247' title='bbox 1533 1881 1608 1922; x_wconf 89' lang='lat' dir='ltr'>apto</span> <span class='ocrx_word' id='word_1_248' title='bbox 1637 1876 1754 1921; x_wconf 80' lang='lat' dir='ltr'>legere</span> <span class='ocrx_word' id='word_1_249' title='bbox 1782 1887 1945 1922; x_wconf 83' lang='lat' dir='ltr'>vesperas</span> 
     </span>
     <span class='ocr_line' id='line_1_25' title="bbox 81 1936 1944 1982; baseline 0 -12"><span class='ocrx_word' id='word_1_250' title='bbox 81 1937 270 1981; x_wconf 81' lang='lat' dir='ltr'>vigiliarum</span> <span class='ocrx_word' id='word_1_251' title='bbox 300 1942 332 1971; x_wconf 84' lang='lat' dir='ltr'>et</span> <span class='ocrx_word' id='word_1_252' title='bbox 358 1937 492 1982; x_wconf 81' lang='lat' dir='ltr'>vigilias</span> <span class='ocrx_word' id='word_1_253' title='bbox 520 1949 644 1972; x_wconf 89' lang='lat' dir='ltr'>novem</span> <span class='ocrx_word' id='word_1_254' title='bbox 672 1938 859 1972; x_wconf 90' lang='lat' dir='ltr'>leccionum</span> <span class='ocrx_word' id='word_1_255' title='bbox 889 1949 933 1972; x_wconf 83' lang='lat' dir='ltr'>ex</span> <span class='ocrx_word' id='word_1_256' title='bbox 961 1941 1093 1982; x_wconf 80' lang='lat' dir='ltr'>integro</span> <span class='ocrx_word' id='word_1_257' title='bbox 1123 1948 1194 1970; x_wconf 88' lang='lat' dir='ltr'>cum</span> <span class='ocrx_word' id='word_1_258' title='bbox 1216 1936 1366 1970; x_wconf 87' lang='lat' dir='ltr'>laudibus</span> <span class='ocrx_word' id='word_1_259' title='bbox 1395 1941 1427 1970; x_wconf 91' lang='lat' dir='ltr'>et</span> <span class='ocrx_word' id='word_1_260' title='bbox 1455 1939 1487 1970; x_wconf 89' lang='lat' dir='ltr'>in</span> <span class='ocrx_word' id='word_1_261' title='bbox 1516 1939 1662 1970; x_wconf 87' lang='lat' dir='ltr'>crastino</span> <span class='ocrx_word' id='word_1_262' title='bbox 1690 1948 1789 1970; x_wconf 87' lang='lat' dir='ltr'>unam</span> <span class='ocrx_word' id='word_1_263' title='bbox 1810 1939 1944 1970; x_wconf 90' lang='lat' dir='ltr'>missam</span> 
     </span>
     <span class='ocr_line' id='line_1_26' title="bbox 81 1996 1945 2044; baseline 0 -14"><span class='ocrx_word' id='word_1_264' title='bbox 81 1997 311 2031; x_wconf 88' lang='lat' dir='ltr'>defunctorum</span> <span class='ocrx_word' id='word_1_265' title='bbox 350 2009 412 2043; x_wconf 91' lang='lat' dir='ltr'>pro</span> <span class='ocrx_word' id='word_1_266' title='bbox 447 1997 619 2032; x_wconf 86' lang='lat' dir='ltr'>animabus</span> <span class='ocrx_word' id='word_1_267' title='bbox 656 1999 936 2044; x_wconf 88' lang='lat' dir='ltr'>predecessorum</span> <span class='ocrx_word' id='word_1_268' title='bbox 973 2003 1163 2032; x_wconf 88' lang='lat' dir='ltr'>nostrorum</span> <span class='ocrx_word' id='word_1_269' title='bbox 1194 2002 1226 2031; x_wconf 85' lang='lat' dir='ltr'>et</span> <span class='ocrx_word' id='word_1_270' title='bbox 1254 2000 1285 2030; x_wconf 88' lang='lat' dir='ltr'>in</span> <span class='ocrx_word' id='word_1_271' title='bbox 1315 2000 1458 2042; x_wconf 86' lang='lat' dir='ltr'>posteris</span> <span class='ocrx_word' id='word_1_272' title='bbox 1487 1999 1621 2030; x_wconf 91' lang='lat' dir='ltr'>nostris.</span> <span class='ocrx_word' id='word_1_273' title='bbox 1668 1996 1784 2030; x_wconf 90' lang='lat' dir='ltr'>Eciam</span> <span class='ocrx_word' id='word_1_274' title='bbox 1813 2008 1945 2042; x_wconf 83' lang='lat' dir='ltr'>quoque</span> 
     </span>
     <span class='ocr_line' id='line_1_27' title="bbox 81 2056 1944 2104; baseline -0.001 -13"><span class='ocrx_word' id='word_1_275' title='bbox 81 2057 257 2091; x_wconf 86' lang='lat' dir='ltr'>habebitur</span> <span class='ocrx_word' id='word_1_276' title='bbox 285 2061 447 2092; x_wconf 87' lang='lat' dir='ltr'>memoria</span> <span class='ocrx_word' id='word_1_277' title='bbox 468 2059 597 2092; x_wconf 89' lang='lat' dir='ltr'>clientis</span> <span class='ocrx_word' id='word_1_278' title='bbox 626 2059 667 2092; x_wconf 89' lang='lat' dir='ltr'>de</span> <span class='ocrx_word' id='word_1_279' title='bbox 695 2058 880 2093; x_wconf 88' lang='lat' dir='ltr'>Bucowina</span> <span class='ocrx_word' id='word_1_280' title='bbox 901 2063 933 2092; x_wconf 91' lang='lat' dir='ltr'>et</span> <span class='ocrx_word' id='word_1_281' title='bbox 962 2059 1242 2104; x_wconf 86' lang='lat' dir='ltr'>predecessorum</span> <span class='ocrx_word' id='word_1_282' title='bbox 1272 2057 1394 2090; x_wconf 87' lang='lat' dir='ltr'>domini</span> <span class='ocrx_word' id='word_1_283' title='bbox 1424 2056 1616 2103; x_wconf 54' lang='lat' dir='ltr'>Sbwlconis</span> <span class='ocrx_word' id='word_1_284' title='bbox 1644 2056 1776 2102; x_wconf 89' lang='lat' dir='ltr'>plebani</span> <span class='ocrx_word' id='word_1_285' title='bbox 1810 2057 1944 2099; x_wconf 67' lang='lat' dir='ltr'>ibidem,</span> 
     </span>
     <span class='ocr_line' id='line_1_28' title="bbox 80 2117 1942 2165; baseline -0.001 -13"><span class='ocrx_word' id='word_1_286' title='bbox 80 2121 252 2164; x_wconf 88' lang='lat' dir='ltr'>ipsiusmet</span> <span class='ocrx_word' id='word_1_287' title='bbox 287 2123 363 2164; x_wconf 90' lang='lat' dir='ltr'>post</span> <span class='ocrx_word' id='word_1_288' title='bbox 399 2119 575 2153; x_wconf 89' lang='lat' dir='ltr'>decessum</span> <span class='ocrx_word' id='word_1_289' title='bbox 605 2122 687 2163; x_wconf 68' lang='lat' dir='ltr'>eius,</span> <span class='ocrx_word' id='word_1_290' title='bbox 726 2122 780 2165; x_wconf 88' lang='lat' dir='ltr'>qui</span> <span class='ocrx_word' id='word_1_291' title='bbox 809 2122 915 2153; x_wconf 88' lang='lat' dir='ltr'>eciam</span> <span class='ocrx_word' id='word_1_292' title='bbox 953 2130 1069 2153; x_wconf 89' lang='lat' dir='ltr'>omnes</span> <span class='ocrx_word' id='word_1_293' title='bbox 1097 2117 1332 2152; x_wconf 85' lang='lat' dir='ltr'>benefactores</span> <span class='ocrx_word' id='word_1_294' title='bbox 1370 2121 1444 2150; x_wconf 90' lang='lat' dir='ltr'>sunt</span> <span class='ocrx_word' id='word_1_295' title='bbox 1473 2117 1617 2150; x_wconf 90' lang='lat' dir='ltr'>ecclesie</span> <span class='ocrx_word' id='word_1_296' title='bbox 1655 2128 1734 2162; x_wconf 90' lang='lat' dir='ltr'>sepe</span> <span class='ocrx_word' id='word_1_297' title='bbox 1763 2119 1942 2150; x_wconf 88' lang='lat' dir='ltr'>nominate.</span> 
     </span>
     <span class='ocr_line' id='line_1_29' title="bbox 80 2177 1943 2226; baseline -0.001 -14"><span class='ocrx_word' id='word_1_298' title='bbox 80 2178 117 2213; x_wconf 95' lang='lat' dir='ltr'>In</span> <span class='ocrx_word' id='word_1_299' title='bbox 155 2182 248 2213; x_wconf 90' lang='lat' dir='ltr'>cuius</span> <span class='ocrx_word' id='word_1_300' title='bbox 282 2183 332 2213; x_wconf 91' lang='lat' dir='ltr'>rei</span> <span class='ocrx_word' id='word_1_301' title='bbox 376 2180 585 2214; x_wconf 79' lang='lat' dir='ltr'>evidenciam</span> <span class='ocrx_word' id='word_1_302' title='bbox 621 2180 770 2214; x_wconf 89' lang='lat' dir='ltr'>dedimus</span> <span class='ocrx_word' id='word_1_303' title='bbox 814 2180 899 2214; x_wconf 87' lang='lat' dir='ltr'>hanc</span> <span class='ocrx_word' id='word_1_304' title='bbox 936 2184 1104 2226; x_wconf 84' lang='lat' dir='ltr'>patentem</span> <span class='ocrx_word' id='word_1_305' title='bbox 1143 2178 1268 2211; x_wconf 84' lang='lat' dir='ltr'>literam</span> <span class='ocrx_word' id='word_1_306' title='bbox 1309 2180 1487 2211; x_wconf 89' lang='lat' dir='ltr'>munimine</span> <span class='ocrx_word' id='word_1_307' title='bbox 1531 2177 1715 2222; x_wconf 78' lang='lat' dir='ltr'>sigillorum</span> <span class='ocrx_word' id='word_1_308' title='bbox 1753 2181 1943 2211; x_wconf 89' lang='lat' dir='ltr'>nostrorum</span> 
     </span>
     <span class='ocr_line' id='line_1_30' title="bbox 80 2238 1944 2286; baseline -0.001 -14"><span class='ocrx_word' id='word_1_309' title='bbox 80 2238 284 2274; x_wconf 82' lang='lat' dir='ltr'>roboratam.</span> <span class='ocrx_word' id='word_1_310' title='bbox 325 2240 445 2274; x_wconf 89' lang='lat' dir='ltr'>Datum</span> <span class='ocrx_word' id='word_1_311' title='bbox 484 2243 516 2274; x_wconf 92' lang='lat' dir='ltr'>in</span> <span class='ocrx_word' id='word_1_312' title='bbox 544 2240 718 2275; x_wconf 89' lang='lat' dir='ltr'>Pernstein</span> <span class='ocrx_word' id='word_1_313' title='bbox 747 2243 779 2274; x_wconf 92' lang='lat' dir='ltr'>in</span> <span class='ocrx_word' id='word_1_314' title='bbox 808 2240 860 2274; x_wconf 91' lang='lat' dir='ltr'>die</span> <span class='ocrx_word' id='word_1_315' title='bbox 888 2240 1114 2286; x_wconf 87' lang='lat' dir='ltr'>apostolorum</span> <span class='ocrx_word' id='word_1_316' title='bbox 1145 2239 1290 2272; x_wconf 87' lang='lat' dir='ltr'>Simonis</span> <span class='ocrx_word' id='word_1_317' title='bbox 1320 2242 1352 2270; x_wconf 88' lang='lat' dir='ltr'>et</span> <span class='ocrx_word' id='word_1_318' title='bbox 1379 2238 1464 2272; x_wconf 90' lang='lat' dir='ltr'>Jude</span> <span class='ocrx_word' id='word_1_319' title='bbox 1493 2248 1579 2271; x_wconf 90' lang='lat' dir='ltr'>anno</span> <span class='ocrx_word' id='word_1_320' title='bbox 1618 2238 1740 2271; x_wconf 92' lang='lat' dir='ltr'>domini</span> <span class='ocrx_word' id='word_1_321' title='bbox 1770 2238 1944 2271; x_wconf 90' lang='lat' dir='ltr'>millesimo</span> 
     </span>
     <span class='ocr_line' id='line_1_31' title="bbox 82 2303 732 2346; baseline 0.005 -14"><span class='ocrx_word' id='word_1_322' title='bbox 82 2303 319 2334; x_wconf 85' lang='lat' dir='ltr'>trecentesimo</span> <span class='ocrx_word' id='word_1_323' title='bbox 349 2304 578 2346; x_wconf 82' lang='lat' dir='ltr'>octuagesimo</span> <span class='ocrx_word' id='word_1_324' title='bbox 608 2304 732 2346; x_wconf 89' lang='lat' dir='ltr'>quinto.</span> 
     </span>
    </p>
   </div>
   <div class='ocr_carea' id='block_1_7' title="bbox 392 2387 1227 2422">
    <p class='ocr_par' dir='ltr' id='par_1_7' title="bbox 392 2387 1227 2422">
     <span class='ocr_line' id='line_1_32' title="bbox 392 2387 1227 2422; baseline 0 -11"><span class='ocrx_word' id='word_1_325' title='bbox 392 2388 482 2422; x_wconf 74' lang='lat' dir='ltr'>(Orig.</span> <span class='ocrx_word' id='word_1_326' title='bbox 506 2388 588 2422; x_wconf 85' lang='lat' dir='ltr'>Perg.</span> <span class='ocrx_word' id='word_1_327' title='bbox 616 2389 632 2413; x_wconf 84' lang='lat'>5</span> <span class='ocrx_word' id='word_1_328' title='bbox 657 2388 684 2413; x_wconf 92' lang='lat' dir='ltr'>h.</span> <span class='ocrx_word' id='word_1_329' title='bbox 710 2388 768 2421; x_wconf 79' lang='lat' dir='ltr'>Sig.</span> <span class='ocrx_word' id='word_1_330' title='bbox 792 2388 829 2413; x_wconf 84' lang='lat' dir='ltr'>im</span> <span class='ocrx_word' id='word_1_331' title='bbox 853 2388 984 2413; x_wconf 79' lang='lat' dir='ltr'>Briinner</span> <span class='ocrx_word' id='word_1_332' title='bbox 1007 2387 1227 2420; x_wconf 52' lang='lat' dir='ltr'>stadum-chive)</span> 
     </span>
    </p>
   </div>
   <div class='ocr_carea' id='block_1_8' title="bbox 234 2515 1066 2552">
    <p class='ocr_par' dir='ltr' id='par_1_8' title="bbox 234 2515 1066 2552">
     <span class='ocr_line' id='line_1_33' title="bbox 234 2515 1066 2552; baseline 0 -11"><span class='ocrx_word' id='word_1_333' title='bbox 234 2515 265 2550; x_wconf 71' lang='lat'>-·÷)</span> <span class='ocrx_word' id='word_1_334' title='bbox 291 2516 326 2541; x_wconf 86' lang='lat' dir='ltr'>So</span> <span class='ocrx_word' id='word_1_335' title='bbox 351 2516 387 2541; x_wconf 87' lang='lat' dir='ltr'>im</span> <span class='ocrx_word' id='word_1_336' title='bbox 413 2516 521 2551; x_wconf 82' lang='lat' dir='ltr'>Origin.</span> <span class='ocrx_word' id='word_1_337' title='bbox 546 2518 784 2543; x_wconf 75' lang='lat' dir='ltr'>wahrscheinlich</span> <span class='ocrx_word' id='word_1_338' title='bbox 809 2521 878 2543; x_wconf 80' lang='lat' dir='ltr'>statt</span> <span class='ocrx_word' id='word_1_339' title='bbox 902 2518 1066 2552; x_wconf 74' lang='lat' dir='ltr'>pendentes.</span> 
     </span>
    </p>
   </div>
   <div class='ocr_carea' id='block_1_9' title="bbox 1733 2721 1784 2746">
    <p class='ocr_par' dir='ltr' id='par_1_9' title="bbox 1733 2721 1784 2746">
     <span class='ocr_line' id='line_1_34' title="bbox 1733 2721 1784 2746; baseline 0 -1"><span class='ocrx_word' id='word_1_340' title='bbox 1733 2722 1746 2745; x_wconf 81' lang='lat'><strong><em>4</em></strong></span> <span class='ocrx_word' id='word_1_341' title='bbox 1753 2721 1784 2746; x_wconf 64' lang='lat'>3&#39;*</span> 
     </span>
    </p>
   </div>
  </div>
 </body>
</html>
