2336 3074
972 188 1044 221 :359

73 293 310 324 canonicorum
350 289 554 334 regularium
603 293 635 323 in
673 290 889 324 Lanczkrona
937 292 1061 326 ordinis
1106 297 1210 327 sancti
1255 296 1433 337 augustini,
1483 293 1755 328 Luthomislensis
1795 294 1941 328 diocesis

75 354 218 397 quinque
248 363 378 386 marcas
407 351 592 385 reddituum
613 363 686 385 cum
717 355 807 385 curia
838 353 979 386 allodiali
1009 358 1040 387 et
1071 357 1257 387 municione
1280 357 1311 387 in
1341 354 1458 387 eadem
1484 357 1544 387 sita
1567 355 1695 388 invilla
1717 354 1936 388 Nezamislicz

74 423 148 445 cum
186 415 277 457 agris
307 415 413 446 eciam
452 412 546 445 cultis
576 416 607 445 et
636 412 777 451 incultis„
808 416 951 458 pascuis.
988 417 1090 459 pratis
1128 425 1167 447 ac
1204 414 1297 447 silvis
1327 426 1343 447 a
1375 414 1528 448 Peskone
1567 415 1653 448 dicto
1692 414 1826 449 Puklice
1863 426 1936 448 cum

75 475 164 507 omni
192 475 264 506 iure
293 478 327 506 et
355 473 512 515 dominio,
552 477 649 518 prout
687 475 757 518 ipse
787 474 931 518 possedit
962 474 1122 518 legittime
1151 486 1190 508 ac
1220 478 1356 517 tennuit,
1398 487 1457 520 pro
1489 479 1628 521 pecunia
1658 487 1718 521 per
1746 477 1939 510 altissimum

74 536 153 579 ipsis
173 536 321 579 provisa.
353 536 556 567 monasterio
577 533 664 566 dieto
685 539 895 579 comparatas
916 534 1010 568 nobis
1031 535 1070 568 ad
1092 535 1206 569 fideles
1228 546 1344 569 manus
1366 535 1647 569 intalmlaverunt.
1673 536 1719 569 Ea
1741 536 1938 570 condicione

74 598 107 627 et
135 598 242 639 pacto.
280 598 313 626 ut.
342 605 439 638 quam
468 597 607 639 primum
638 593 756 639 prefati
787 594 908 628 domini
947 606 1007 640 per
1043 606 1080 629 se
1110 596 1165 629 vel
1204 599 1356 641 quemvis
1394 596 1491 629 alium
1531 597 1742 630 illustrissimi
1779 600 1935 643 principis

74 665 114 688 ac
155 654 277 688 domiui
313 653 430 688 Jodoci
472 666 531 688 seu
576 654 711 688 alterius
756 665 815 700 pro
862 660 1013 700 tempore
1050 655 1253 689 marchionis
1290 656 1444 689 Moravic
1491 657 1534 690 ad
1570 657 1814 691 intabulandum
1859 661 1938 703 ipsis

75 715 220 761 predicta
250 714 336 748 bona
366 726 567 749 consensum
596 715 733 761 adipisci
763 720 928 760 poterunt„
967 721 1090 750 extunc
1119 728 1179 751 nos
1209 717 1326 750 eadem
1348 716 1433 750 bona
1455 717 1550 751 nobis
1572 718 1767 753 extabulnre
1794 723 1826 751 et
1859 721 1938 764 ipsis

74 778 137 809 ritu
158 787 197 809 ac
216 775 314 808 modo
335 778 485 809 terrestri
506 774 689 809 intabulare
710 778 826 821 quavis
847 780 1094 821 prorogacione
1114 780 1259 823 seposita
1280 777 1471 811 debeamus.
1500 777 1556 811 Sic
1578 783 1700 813 tamen.
1723 784 1754 811 ut
1775 779 1940 824 pendente

74 835 327 869 intabulacionis
356 835 547 869 difficultate
576 839 749 870 memorati
784 836 905 870 domini
943 840 1181 882 premissorum
1212 837 1375 871 bonorum
1405 849 1526 871 census
1565 843 1597 872 et
1632 839 1758 873 fructus
1796 840 1941 884 reliquos

74 896 279 940 generaliter
294 900 443 942 sumptos
463 896 623 941 colligere
643 901 675 930 et
695 899 725 930 in
746 900 900 943 proprios
920 908 998 931 usus
1019 898 1175 942 redigere
1195 897 1337 931 debeant
1358 902 1471 932 nostre
1492 910 1552 943 per
1572 899 1698 934 tabulas
1719 902 1941 945 possessionis

75 956 167 990 titulo
196 968 262 990 uon
291 956 454 990 obstante.
484 956 554 991 Nos
583 959 695 1002 igitur.
725 960 779 1002 qui
808 968 919 1003 supra.
950 958 1113 992 llenricus
1142 963 1174 992 et
1193 958 1320 992 Hinczo
1351 970 1424 992 cum
1455 959 1606 993 omnibus
1636 963 1740 993 eciam
1763 960 1941 994 heredibus

75 1019 197 1050 nostris
226 1019 385 1061 exigente
414 1016 578 1051 fidelitatis
607 1020 741 1055 virtute.
771 1029 833 1063 qua
863 1030 996 1063 semper
1025 1022 1147 1053 nostris
1167 1030 1185 1052 a
1214 1019 1485 1065 progenitoribus
1514 1023 1650 1053 instituti
1680 1021 1881 1055 dinoscimur
1910 1026 1942 1055 et

75 1080 252 1123 presertim
282 1080 396 1111 intuitu
426 1077 629 1111 credulitatis
667 1083 699 1111 et
736 1078 944 1112 confidencie
982 1079 1228 1124 sepedictorum
1263 1080 1483 1123 dominorum.
1519 1092 1581 1125 qua
1620 1093 1680 1115 nos
1719 1086 1751 1115 et
1788 1087 1941 1127 posteros

76 1142 208 1171 nostros
243 1140 275 1171 in
313 1138 415 1172 decus
454 1143 602 1171 nostrum
641 1141 766 1184 pariter
803 1144 835 1172 et
872 1139 1033 1173 honorem
1064 1151 1124 1185 pre
1153 1143 1274 1175 ceteris
1304 1151 1368 1175 non
1399 1140 1588 1175 dubitarunt
1626 1145 1809 1187 respicere.
1856 1154 1941 1188 pro—

78 1201 233 1232 mittimus
262 1209 326 1231 una
357 1209 454 1232 manu
484 1201 515 1231 in
545 1199 684 1232 solidum
715 1204 747 1233 et
774 1200 928 1234 indivise.
958 1204 1076 1245 quovis
1106 1201 1181 1234 dolo
1212 1206 1244 1235 et
1273 1204 1362 1235 omni
1382 1201 1499 1235 fraude
1519 1202 1746 1247 proculmotis.
1768 1208 1941 1248 prenotata

77 1258 164 1292 bona
186 1263 369 1292 memorato
390 1258 661 1293 Lanczkronensi
693 1263 895 1294 monasterio
916 1266 947 1294 et
969 1260 1217 1295 honorabilibus
1246 1262 1481 1307 religiosisque
1501 1265 1582 1296 viris
1606 1266 1707 1308 ipsius
1736 1267 1941 1297 monasterii.

78 1321 133 1364 qui
166 1319 289 1352 fuerint
316 1330 376 1364 pro
406 1324 569 1364 tempore„
609 1320 751 1354 thabulis
780 1326 869 1354 terre
898 1325 1070 1355 moravice
1099 1325 1283 1367 imponere.
1312 1321 1408 1357 nobis
1439 1335 1478 1357 ea
1507 1323 1750 1358 extabulantes.
1784 1329 1882 1369 prout
1910 1327 1941 1357 in

78 1382 249 1426 premissis
269 1380 407 1414 lucidius
428 1385 656 1426 expressatur.
688 1381 723 1415 Si
743 1393 840 1424 veroq
866 1382 951 1427 quod
973 1382 1067 1425 absit.
1094 1386 1183 1416 tanta
1208 1382 1371 1417 dilacione
1391 1395 1576 1419 consensus
1602 1384 1723 1418 domini
1741 1384 1941 1418 marchionis

76 1439 230 1473 Moravie
258 1451 319 1486 pro
348 1445 498 1486 tempore
528 1441 622 1476 dictis
652 1442 792 1476 dominis
813 1470 820 1476 .
852 1446 1063 1488 .prep0sit0.
1094 1446 1276 1477 conventui
1305 1448 1338 1477 et
1358 1448 1562 1478 monasterio
1592 1445 1828 1490 denegaretur„
1855 1446 1941 1490 quod

78 1500 200 1534 utilitas
228 1504 376 1546 ipsorum
405 1505 437 1535 in
458 1501 522 1535 hoc
542 1503 715 1536 videretur
744 1504 910 1550 impediriq
941 1508 973 1536 et
1002 1506 1061 1548 ipsi
1091 1504 1206 1537 eadem
1228 1503 1313 1537 bona
1334 1504 1429 1538 alicui
1458 1506 1608 1539 vendere
1626 1505 1760 1539 vellent.
1784 1508 1942 1551 pecunias

78 1571 160 1606 quas
188 1572 248 1606 pro
278 1564 326 1595 eis
356 1561 530 1596 solverunt
559 1567 804 1609 recuperaturi:
835 1575 896 1598 nos
926 1564 1042 1597 eadem
1073 1568 1103 1597 et
1133 1565 1259 1598 eisdem
1287 1565 1498 1610 presentibus
1523 1569 1743 1611 promittimus
1773 1566 1943 1600 bonafide

78 1625 111 1656 in
139 1623 218 1666 ipsis
248 1620 343 1655 bonis
373 1622 473 1656 velud
501 1625 534 1656 in
563 1623 679 1657 alienis
714 1624 810 1658 nobis
848 1629 901 1657 aut
932 1624 1110 1658 heredibus
1144 1628 1266 1659 nostris
1302 1626 1355 1669 jus
1392 1626 1515 1660 nullum
1551 1630 1682 1673 penitus
1715 1632 1941 1661 reservantes.

78 1680 115 1714 In
143 1684 381 1727 premissorum
411 1687 521 1717 autem
551 1687 696 1718 omnium
725 1685 828 1718 robur
857 1685 980 1718 firmius
1010 1690 1042 1718 et
1070 1688 1309 1719 munimentum
1338 1687 1445 1730 sigilla
1475 1692 1588 1722 nostra
1622 1688 1831 1734 presentibus
1868 1699 1943 1730 sunt

79 1752 236 1787 appensa.
294 1742 363 1776 Sub
400 1754 487 1777 anno
525 1744 649 1778 domini
685 1745 859 1780 millesimo
898 1749 1134 1779 trecentesimo
1172 1749 1402 1791 octuagesimo
1442 1752 1551 1791 sexto,
1582 1748 1665 1782 feria
1694 1751 1797 1782 tercia
1829 1751 1860 1782 in
1890 1748 1943 1782 die

79 1804 184 1835 sancti
213 1801 377 1836 Bonifacii
408 1806 552 1838 martiris
581 1805 731 1849 gloriosi.

390 1881 482 1916 (Oi-ig.
500 1883 580 1917 Perg.
607 1884 633 1909 2.
660 1884 686 1908 h.
711 1883 768 1918 sig.
792 1885 820 1909 in
845 1885 898 1910 den
916 1885 1009 1910 Akten
1036 1885 1084 1911 des
1109 1885 1257 1911 Olmiitzer
1279 1886 1400 1919 August.
1425 1887 1560 1913 Klosters
1585 1887 1621 1912 im
1645 1888 1887 1915 Laudesarchive.
1902 1903 1943 1906 -—

493 1935 527 1959 Iu
551 1935 634 1961 dorso
658 1935 702 1961 die
727 1936 925 1970 gleiclizeitige
950 1937 1144 1971 Bemcrkuug:
1169 1938 1259 1971 Super
1282 1938 1360 1963 curia
1378 1939 1503 1973 Puclycz
1528 1939 1556 1964 iu
1586 1939 1792 1975 Nezameslicz,
1817 1948 1870 1973 que
1890 1949 1942 1973 pro

493 1986 583 2012 forma
608 1987 688 2013 alteri
713 1988 873 2013 int-abulata
897 1988 950 2013 fuit
975 1989 1010 2013 :ul
1035 1988 1132 2014 fideles
1158 1989 1279 2023 manus.)

967 2142 1071 2177 400.

81 2240 203 2279 dodolf.
248 2241 439 2287 Mai-hyras
468 2254 533 2276 von
570 2244 726 2283 Msileren.
772 2245 917 2279 rerleiloe!
951 2246 1012 2279 der
1050 2245 1154 2279 Stadt
1194 2245 1329 2279 Prema
1365 2247 1428 2280 clas
1471 2249 1564 2291 frede
1605 2248 1828 2291 Testitwngss-
1874 2249 1941 2281 um!

576 2304 901 2349 Vererfflmqsreelzt.
934 2306 992 2339 Dt.
1025 2306 1143 2339 Brmm
1176 2306 1205 2339 7.
1237 2306 1322 2340 szae'
1350 2306 1459 2341 1386.

238 2385 408 2439 Jodocus
438 2407 491 2440 dei
517 2411 633 2452 gracia
663 2409 812 2443 marchio
842 2415 874 2442 et
912 2409 1063 2442 dominus
1092 2409 1245 2444 Moravie
1282 2411 1542 2447 notumfacimus
1582 2418 1698 2447 tenore
1732 2416 1942 2459 presencium

82 2467 259 2499 universis.
300 2465 395 2507 Quod
435 2470 606 2513 cupientes
644 2472 785 2503 sinceris
819 2469 990 2503 affectibus
1019 2472 1142 2503 civium
1171 2475 1203 2503 et
1231 2470 1439 2505 subditorum
1470 2477 1659 2507 nostrorum
1690 2477 1721 2507 in
1750 2474 1943 2507 Przerowia

85 2530 147 2559 tam
184 2528 268 2559 intra
307 2530 528 2561 municionem
567 2540 663 2574 quam
702 2535 797 2564 extra
834 2530 1018 2575 profectum
1057 2535 1089 2563 ct
1126 2531 1302 2565 comodum
1339 2537 1451 2565 nostra
1498 2533 1642 2578 benigna
1690 2534 1942 2576 magnificencia

83 2584 224 2619 feliciter
253 2587 424 2632 ampliare,
460 2593 493 2621 ut
531 2589 591 2623 sub
630 2595 744 2624 nostro
781 2591 926 2624 dominio
960 2590 1075 2623 fideles
1105 2594 1209 2624 nostri
1248 2596 1279 2625 et
1308 2592 1428 2626 subditi
1469 2594 1699 2639 temporalium
1737 2598 1943 2628 incremento

83 2645 252 2692 multiplici
281 2646 433 2681 libertate
461 2653 574 2683 nostra
604 2653 775 2696 prosperis
804 2650 1016 2684 successibus
1045 2656 1243 2695 augeantur,
1273 2655 1352 2697 ipsis
1382 2657 1413 2686 et
1445 2664 1562 2687 eorum
1592 2654 1771 2688 heredibus
1800 2658 1942 2700 posteris
