2336 3074
965 229 1038 262 259

68 331 364 366 MCCCLXXXIII
393 333 501 377 sigillo
531 338 645 367 nostro
675 333 897 380 suliappenso.
930 334 965 368 In
994 337 1124 378 signum
1155 345 1238 367 vere
1268 338 1484 368 execueionis
1513 347 1573 381 per
1602 348 1664 370 vos
1694 341 1724 370 et
1755 336 1932 382 quemlibet

70 397 218 426 vestrum
256 393 343 427 facte
377 393 431 426 vel
466 393 620 427 faciende
658 399 848 440 presentem
879 399 1026 428 nostrum
1064 405 1259 440 processum
1298 395 1414 439 sigillis
1450 399 1571 430 vestris
1607 397 1934 443 subappendentibus

70 453 197 487 reddite
225 453 414 498 sigillatum.

382 533 470 567 (Orig.
495 534 576 567 Perg.
601 533 627 558 li.
653 534 710 567 Sig.
737 534 772 558 im
797 533 869 560 (tlm.
896 534 970 568 Kap.
995 534 1143 568 Areliive.)

951 678 1058 713 288.

68 779 205 814 Jokann
243 779 459 823 11⁷1·sclzauer‚
488 780 628 824 Bnrqer
664 792 725 814 ron
756 781 889 825 Bre'e'nn.
921 782 987 814 med
1014 783 1109 815 seine
1138 782 1233 815 Fran
1263 782 1443 816 Elisabeth
1478 783 1695 829 rerpsliclaelen
1725 784 1809 817 sic-le.
1847 785 1930 828 falls

68 841 124 874 die
151 841 340 874 stc'idtisclze
369 840 507 885 Losemy
536 853 580 874 (ιη
611 842 683 875 dem
713 842 853 876 Besz'tze
881 841 1106 876 H'z'scleauers
1135 844 1167 876 in
1198 843 1259 876 cler
1291 843 1480 877 Grillowz'lz-
1509 845 1606 877 einen
1628 843 1777 888 Abfflmq
1806 845 1927 881 erlille,

190 902 306 935 dlesen
337 913 401 935 aas
430 902 492 936 (len
523 902 732 947 Einlseinften
762 902 856 936 fleres
882 902 1093 947 Meierleofes
1122 914 1164 936 zu
1194 907 1360 937 erselz-en.
1392 903 1450 937 Dt.
1485 903 1542 938 15.
1571 904 1671 937 Mc‘irz-
1702 904 1813 938 1383.

220 986 308 1040 Nos
337 1005 509 1040 Johannes
538 1005 756 1039 VVischawer
785 1009 868 1040 civis
898 1006 1102 1040 Brunnensis
1132 1012 1164 1040 et
1191 1007 1365 1041 Elizabeth
1395 1008 1599 1042 conthoralis
1637 1009 1784 1042 eiusdem
1814 1013 1926 1042 notum

65 1066 203 1101 facimus
231 1072 349 1101 tenore
377 1070 586 1113 presencium
616 1069 795 1110 universis,
825 1067 910 1112 quod
932 1070 962 1100 in
992 1078 1083 1101 casu.
1113 1069 1140 1100 si
1165 1067 1237 1101 illas
1256 1070 1375 1112 viginti
1404 1073 1544 1114 quatuor
1574 1080 1703 1102 marcas
1732 1079 1928 1113 grossorum

65 1138 186 1161 census
222 1130 254 1160 in
291 1126 386 1161 bonis
422 1130 545 1161 nostris
575 1127 733 1161 Grilwicz
771 1127 1020 1161 honorabilibus
1052 1130 1134 1161 viris
1172 1128 1313 1161 dominis
1351 1131 1521 1174 preposito
1551 1133 1582 1162 et
1612 1129 1754 1174 capitulo
1788 1130 1931 1163 ecclesie

65 1190 171 1222 sancti
200 1187 287 1221 Petri
322 1191 354 1221 in
383 1187 517 1221 Brunna
555 1199 616 1234 per
643 1199 704 1222 nos
742 1188 894 1221 venditas
923 1187 1008 1221 infra
1038 1187 1114 1221 hinc
1144 1193 1175 1221 et
1205 1193 1346 1234 quatuor
1375 1200 1479 1222 annos
1509 1193 1665 1223 continue
1701 1189 1930 1223 revolvendos

65 1248 106 1283 ab
134 1251 213 1294 ipsis
243 1248 383 1282 dominis
412 1251 582 1294 preposito
611 1253 643 1282 et
672 1249 815 1294 capitulo
844 1259 998 1282 reemere
1027 1260 1093 1282 non
1121 1260 1309 1295 possemus.
1341 1254 1462 1283 extunc
1492 1253 1523 1283 in
1553 1250 1696 1294 lozunga
1726 1249 1766 1283 ab
1796 1253 1930 1295 antiquo

65 1314 224 1343 consueta
260 1314 292 1343 et
329 1309 449 1352 dehita.
489 1321 585 1354 quam
616 1313 733 1343 civitas
771 1312 802 1343 in
832 1309 956 1343 eisdem
996 1309 1091 1343 honis
1121 1309 1246 1343 habere
1284 1310 1477 1344 dinoscitur.
1508 1310 1785 1355 quemadmodum
1825 1313 1928 1343 eciam

65 1381 125 1404 nos
153 1373 233 1416 ipsis
262 1369 391 1404 civibus
411 1373 443 1403 in
472 1374 569 1403 antea
590 1370 740 1404 dedimus
769 1375 800 1403 et
829 1373 1053 1416 porreximus.
1075 1375 1102 1406 si
1132 1371 1207 1416 quid
1229 1370 1357 1404 civibus
1379 1376 1408 1404 et
1440 1373 1564 1404 civitati
1586 1371 1765 1416 deperiret.
1797 1381 1928 1404 omnem

63 1434 165 1477 ipsius
193 1431 337 1476 lozunge
366 1431 531 1464 defectum
562 1431 602 1464 de
631 1434 722 1465 curia
750 1436 864 1464 nostra
894 1435 1058 1465 sartorum
1089 1432 1236 1476 plenarie
1266 1431 1421 1477 supplere
1451 1430 1610 1465 debemus
1640 1435 1670 1464 et
1709 1433 1929 1476 promittimus

64 1491 150 1525 bona
180 1491 255 1525 fide.
293 1503 332 1525 ac
360 1494 464 1537 ipsam
502 1495 627 1525 curiam
657 1496 821 1526 sartorum
857 1503 917 1537 pro
947 1491 1032 1525 dicta
1070 1492 1212 1537 lozunga
1242 1492 1379 1538 prefatis
1414 1491 1543 1525 civibus
1573 1495 1602 1524 et
1639 1494 1762 1524 civitati
1802 1493 1933 1536 pignori

65 1551 288 1596 obligavimus
318 1557 348 1585 et
378 1555 500 1586 virtute
529 1555 739 1598 presencium
771 1552 967 1597 obligamus.
999 1551 1060 1592 Qui
1091 1555 1196 1585 eciam
1227 1555 1320 1586 cives
1348 1552 1405 1585 vel
1425 1554 1571 1597 ipsorum
1602 1550 1735 1584 officiati
1765 1550 1929 1583 defectum

63 1612 208 1657 lozunge
237 1615 310 1646 sive
338 1612 516 1657 lozungam
547 1613 587 1646 de
617 1613 702 1646 dicta
732 1616 822 1646 curia
852 1617 965 1646 nostra
996 1615 1090 1645 annis
1119 1613 1270 1657 singulis.
1300 1615 1438 1658 quocies
1468 1614 1579 1645 evenit
1609 1611 1664 1644 vel
1702 1613 1930 1644 necessarium

64 1672 174 1707 fuerit.
204 1673 387 1718 recipiendi
416 1677 447 1706 et
477 1673 611 1706 tollendi
630 1673 761 1719 plenam
791 1672 958 1707 habebunt
988 1677 1019 1706 et
1050 1673 1175 1706 habere
1196 1672 1316 1706 debent
1346 1675 1542 1705 auctoritate
1563 1674 1697 1716 propria
1728 1670 1930 1704 facultatem.

65 1733 134 1768 Sub
162 1733 291 1776 harum.
331 1744 412 1778 quas
442 1744 506 1778 ego
534 1733 706 1767 Johannes
735 1745 810 1767 meo
839 1737 975 1780 proprio
1013 1746 1051 1767 ac
1080 1737 1111 1767 in
1141 1736 1362 1767 testimonium
1402 1735 1518 1766 nocius
1547 1731 1665 1765 nobilis
1696 1731 1816 1764 domini
1844 1730 1931 1764 Petri

63 1793 171 1828 Hecht
208 1794 249 1827 de
285 1793 427 1827 Rossicz
465 1805 503 1827 ac
533 1793 753 1828 discretorum
790 1798 939 1829 virorum
977 1794 1139 1828 Jobannis
1175 1793 1330 1828 Luckner
1367 1797 1397 1827 et
1439 1792 1568 1826 Thome
1610 1792 1699 1825 Hezz
1739 1794 1859 1824 civium
1899 1794 1931 1823 et

58 1856 245 1899 juratorum
275 1857 406 1888 testium
427 1857 589 1888 instanter
609 1866 669 1900 per
693 1866 754 1888 nos
777 1856 816 1889 ad
836 1858 998 1901 premissa
1020 1859 1213 1900 rogatorum
1235 1854 1352 1899 sigillis
1372 1853 1522 1887 dedimus
1543 1857 1574 1885 et
1603 1851 1725 1885 firmari
1752 1854 1930 1896 petivimus

64 1918 252 1949 testimonio
272 1915 455 1948 literarum.
486 1915 650 1948 dominica
671 1926 733 1960 qua
755 1919 882 1949 canitur
902 1916 1061 1960 „domine
1081 1926 1123 1949 ne
1151 1915 1277 1959 longe“
1300 1925 1386 1947 anno
1416 1913 1538 1947 domini
1565 1909 1926 1946 MOCCCOLXXXIHO.

377 1993 449 2027 (Aus
474 1994 535 2019 dem
561 1993 655 2019 Codex
680 2003 707 2018 ιι.
734 1994 781 2019 34.
805 1993 854 2019 fol.
881 1995 918 2019 62
943 1994 979 2019 im
1004 1995 1135 2019 Briinner
1159 1992 1381 2026 Stadtarchive.)

947 2138 1056 2173 289.

66 2241 142 2275 Das
171 2241 313 2275 Kloster
348 2243 380 2274 in
417 2241 580 2274 Petstimir
616 2241 757 2282 erlrla‘rl,
789 2242 870 2274 dass
906 2242 960 2275 die
998 2240 1119 2275 lsilwe
1157 2241 1264 2274 Clara
1300 2240 1389 2273 nacla
1423 2239 1560 2273 Johann
1598 2250 1660 2271 rou
1697 2237 1928 2271 Arnoltowitz-

66 2301 120 2335 ihr
156 2301 270 2335 Recht
307 2313 361 2335 am
391 2302 583 2336 Patronate
618 2302 677 2335 des
712 2314 738 2334 ε.
770 2302 898 2335 Peter—
930 2303 996 2335 und
1028 2301 1251 2334 Paulaltares
1288 2302 1320 2333 in
1358 2300 1520 2333 Puste'me'r
1558 2300 1629 2332 [lem
1667 2297 1821 2340 lVojteclz
1861 2296 1929 2329 ancl

302 2363 415 2407 Geory
444 2374 508 2396 ron
538 2363 671 2397 Meilitz-
701 2362 899 2405 abyetreten
929 2362 1028 2395 habe.
1078 2360 1136 2394 Dt.
1168 2361 1330 2394 Pastimir
1360 2361 1419 2393 20.
1451 2359 1552 2392 Mc'lrz-
1583 2357 1691 2391 1383.

220 2437 309 2491 Nos
339 2457 427 2491 Jutta
456 2458 567 2492 divina
607 2461 830 2492 miseracione
867 2457 1033 2491 abbatissa
1070 2461 1225 2501 totusque
1261 2460 1448 2489 conventus
1486 2456 1679 2488 monasterii
1716 2456 1748 2486 in
1786 2452 1929 2486 Pustinir

64 2517 188 2552 ordinis
217 2521 323 2552 sancti
351 2518 525 2552 Benedicti
554 2523 666 2552 notum
696 2518 837 2552 facimus
867 2523 983 2551 tenore
1012 2520 1222 2563 presencium
1261 2518 1441 2559 universis.
1472 2515 1558 2560 quod
1597 2516 1774 2548 constituta
1813 2523 1927 2546 coram

64 2577 159 2612 nobis
196 2577 336 2612 honesta
375 2578 506 2612 domina
546 2579 677 2612 domina
716 2578 824 2613 Clara.
864 2579 978 2612 relicta
1016 2578 1091 2611 olim
1128 2577 1246 2611 famosi
1284 2579 1347 2610 viri
1386 2575 1564 2609 Jenczonis
1603 2574 1643 2607 de
1682 2573 1928 2608 Arnoltowicz.

63 2637 170 2671 felicis
199 2642 371 2672 memorie.
401 2642 588 2683 resignavit
617 2643 700 2673 iusta
730 2642 964 2684 resignacione
994 2650 1032 2671 ac
1055 2638 1193 2671 donavit
1223 2649 1295 2670 cum
1319 2640 1446 2670 matura
1468 2634 1715 2668 deliberacione
1745 2634 1785 2667 de
1805 2635 1930 2666 nostris

65 2701 149 2732 scitu
179 2703 211 2732 et
239 2699 409 2732 voluntate
439 2710 570 2732 omnem
601 2702 650 2732 sui
674 2701 760 2743 juris
789 2703 1038 2745 proprietatem.
1061 2709 1158 2744 quam
1179 2697 1305 2731 habere
1335 2695 1570 2730 dinoscebatur
1589 2697 1621 2728 in
1642 2697 1713 2727 iure
1733 2697 1928 2739 patronatus

1719 2760 1771 2786 33*
