2336 3074
1015 183 1089 237 ἶ411

127 287 259 321 domina
289 287 387 321 Anna
418 288 596 322 abbatissa.
627 288 746 333 Agnes
784 291 956 335 priorissa„
986 288 1091 323 Maria
1129 288 1363 335 subpriorissaq
1394 288 1609 332 Margaretha
1639 289 1802 322 celeraria
1841 293 1872 322 et
1902 287 1989 321 Ofka

126 351 310 382 cameraria
340 360 378 382 ac
408 349 632 383 Wencestaus
661 349 820 395 plebanus
859 352 889 383 in
918 349 1112 393 lVasaiiicz‚
1151 354 1229 383 tunc
1257 349 1376 383 ibidem
1416 354 1602 395 presentes.
1641 349 1924 383 confirmaverunt
1958 353 1988 381 et

126 420 170 442 ex
203 413 343 454 utraque
381 414 475 455 parte
510 414 666 444 contente
703 415 865 444 steterunt
902 422 940 443 ac
976 413 1199 456 promiserunt
1235 421 1296 455 pro
1334 421 1370 444 sc
1408 414 1439 443 et
1467 409 1721 444 successoribus
1750 413 1829 453 51115,
1868 409 1987 443 dictam

126 473 476 515 pronuncciacionem,
506 470 637 504 laudum
667 474 698 503 et
726 469 982 504 arbitracioncm
1013 470 1149 504 firmiter
1178 475 1294 504 tenere
1323 474 1354 503 et
1384 470 1617 504 inviolabiliter
1645 470 1831 504 observare
1861 475 1892 503 et
1921 481 1987 503 non

125 534 241 563 contra
271 530 385 564 facere
414 530 455 564 dc
479 532 556 575 jure
584 531 640 564 vel
669 531 709 564 de
739 530 826 564 facto
855 531 967 576 aliquo
997 533 1131 575 ingenio
1160 541 1219 564 5011
1248 533 1314 564 ν13.
1358 530 1408 563 De
1438 535 1469 564 et
1498 542 1598 576 super
1627 530 1744 576 quihus
1773 530 1926 565 omnibus
1955 535 1987 564 ct

125 590 263 635 singulis
292 591 490 636 supradictis
518 595 584 624 tam
613 591 746 624 domina
775 591 942 624 abbatissa
972 602 1069 636 quani
1099 591 1250 625 dominus
1278 591 1503 625 &Veiiceslaus
1532 594 1722 637 petiverunt
1751 590 1811 625 sibi
1840 602 1901 637 per
1934 602 1986 624 me

125 653 288 684 notarium
318 650 483 696 publicum
513 651 758 697 infrascriptum
787 663 886 685 unum
916 652 970 686 vel
1009 652 1100 697 plura
1139 651 1257 685 confici
1286 651 1451 696 publicum
1481 654 1732 685 instrumentum
1762 663 1821 685 seu
1857 651 1985 697 publica

125 714 353 747 instrumenta.
383 711 468 756 quod
500 716 531 745 et
551 711 616 745 feci
646 712 754 745 taliter
782 715 970 757 requisitus.
1005 713 1086 746 Acta
1108 717 1180 745 sunt
1203 711 1264 745 hec
1285 723 1384 747 anun.
1414 711 1612 747 indiccione.
1642 712 1706 749 die,
1736 723 1864 755 mense,
1890 711 1985 746 hora.

124 771 197 805 loco
227 775 258 805 et
286 771 508 817 pontificatus.
539 772 655 817 quihus
685 784 796 819 supra*
827 773 1037 819 presentibus
1073 773 1232 817 religioso
1262 775 1335 806 viro
1365 772 1468 805 fratre
1498 772 1645 806 Saidlino
1675 777 1752 806 tunc
1789 772 1986 806 confessore

124 831 200 865 dicti
230 835 422 865 monasterii
452 837 484 866 et
513 832 665 866 discretis
694 836 776 867 viris
806 834 946 867 dominis
975 833 1181 867 WVenceslao
1211 833 1251 866 de
1281 832 1462 866 Crumnaw
1491 832 1678 878 presbitero
1707 838 1739 866 et
1760 832 1915 866 Conrado
1944 833 1985 866 de

125 891 263 926 Wissau
283 892 450 938 dyacono⁷
480 893 659 938 capellanis
680 894 827 927 eiusdem
848 897 1040 928 monasterii
1060 904 1190 927 necnon
1212 893 1344 926 domino
1365 892 1536 938 Stephano
1558 892 1598 926 de
1618 893 1769 927 Wissaw
1798 893 1984 939 presbitero

125 963 184 998 pro
215 957 291 986 tunc
311 955 439 986 vicario
468 953 591 987 domini
611 954 806 988 wenceslai
836 954 966 1000 plebani
991 955 1134 988 ecclesie
1163 957 1194 987 in
1214 954 1396 987 XVasanicz
1427 953 1563 987 testibus
1585 953 1817 987 Oloniucensis
1841 954 1984 987 diocesis

125 1012 165 1046 ad
193 1018 355 1058 premissa
385 1018 514 1049 vocatis
544 1015 734 1059 specialiter
762 1020 795 1049 et
822 1018 960 1060 rogatis.

280 1073 322 1107 Et
350 1086 415 1119 ego
444 1075 668 1109 W'enceslaus
703 1080 799 1109 natus
828 1075 1046 1110 Milaczkonis
1076 1075 1116 1108 de
1145 1074 1352 1121 Rokyczana
1371 1102 1377 1108 .
1397 1102 1404 1108 .
1423 1102 1428 1108 .
1449 1102 1455 1108 .
1473 1074 1622 1120 publicus
1640 1102 1646 1108 .
1667 1102 1672 1108 .
1692 1102 1698 1108 .
1720 1078 1890 1108 ,notarius
1920 1079 1983 1108 etc.

435 1152 527 1187 (Orig.
553 1154 634 1185 Pei-g.
661 1154 677 1178 ‘2
703 1163 738 1179 an
770 1154 1058 1186 Pergameutstreifen
1090 1154 1116 1179 11.
1141 1154 1198 1188 Sig.
1223 1154 1251 1178 in
1276 1154 1329 1179 den
1354 1153 1449 1179 Akten
1481 1153 1529 1179 des
1555 1153 1805 1187 1{‹·‘·11igi11kloste1-s
1836 1154 1872 1178 im
1897 1154 1985 1178 miilir.

539 1205 793 1238 Laude-sarchive.)

1008 1325 1114 1361 4²0.

126 1427 238 1461 Renes·
260 1438 322 1460 1·οη
345 1427 572 1465 illoram-ieme,
595 1428 718 1473 Adam,
741 1428 860 1461 Bolms=
889 1432 951 1462 etc.
976 1428 1163 1473 rerlfaufen
1184 1430 1260 1462 eine
1281 1428 1396 1462 Mahle
1417 1429 1450 1461 in
1470 1427 1632 1461 Dobele‘tz
1653 1428 1726 1461 {lem
1743 1428 1981 1471 Aaffllstz'ner-

559 1488 689 1522 kloster
717 1491 748 1522 in
780 1489 945 1523 Isromaet.
978 1489 1035 1522 Dc.
1068 1489 1224 1522 Isi-oman
1252 1488 1287 1522 8.
1318 1489 1418 1522 Mat-:³
1450 1487 1558 1522 1388.

283 1537 370 1592 Ros
399 1557 580 1592 Benessius
609 1559 650 1592 de
669 1558 894 1592 Morabiczan.
924 1559 1047 1601 Adam„
1077 1558 1261 1592 Bohussius
1291 1564 1322 1592 et
1350 1558 1560 1592 Hanuschius
1590 1558 1710 1591 fratres
1739 1558 1780 1590 de
1810 1557 1981 1592 Slabkaw.

122 1629 196 1651 cum
227 1618 378 1652 omnibus
407 1622 529 1652 nostris
559 1619 744 1653 haeredibus
774 1624 805 1653 et
825 1619 1077 1653 successoribus
1107 1624 1219 1653 uotum
1248 1619 1387 1652 facimus
1416 1624 1533 1652 tenore
1561 1621 1772 1664 praesentium
1801 1621 1980 1651 universis.

123 1678 217 1720 Quod
248 1682 357 1712 animo
395 1678 578 1713 deliberato
616 1684 811 1724 maturoque
850 1680 988 1713 consilio
1023 1680 1205 1725 praehabito
1241 1680 1462 1713 molendinum
1492 1684 1641 1713 nostrum
1671 1678 1914 1712 haereditarium
1951 1683 1983 1711 et

122 1739 313 1784 homagium
342 1750 447 1785 prope
475 1740 587 1773 villam
617 1739 768 1777 Doblicz.
798 1740 967 1773 fundatum
998 1741 1038 1774 de
1067 1743 1216 1781 scientia„
1255 1740 1426 1774 voluntate
1454 1740 1642 1774 voluntaria
1671 1739 1808 1773 famosae
1841 1739 1982 1772 domina}

122 1799 241 1836 Annae.
271 1804 394 1834 nostrae
421 1803 593 1844 genitricis
622 1804 653 1833 et
682 1799 834 1833 Benessii
863 1800 1078 1843 conthoralis,
1107 1804 1200 1834 cuius
1229 1805 1301 1834 erat
1329 1801 1522 1843 dotalitium,
1552 1811 1591 1833 ac
1620 1802 1718 1833 etiam
1748 1799 1788 1833 de
1815 1810 1981 1833 consensu

122 1871 160 1893 ac
189 1860 275 1894 bona
312 1861 484 1894 voluntate
522 1860 640 1894 nobilis
675 1861 799 1894 domini
835 1865 939 1894 nostri
976 1864 1135 1906 generosi
1168 1861 1291 1895 domini
1320 1861 1454 1894 Henrici
1493 1860 1533 1893 de
1562 1860 1666 1906 Lypa,
1701 1862 1848 1905 supremi
1885 1862 1981 1903 regni

122 1919 291 1954 Boheniiae
319 1921 526 1955 marescalci.
566 1931 640 1954 cum
670 1921 820 1954 omnibus
845 1921 975 1965 J'uribus
1012 1925 1092 1963 suis,
1131 1921 1286 1955 videlicet
1323 1924 1437 1967 pratis,
1473 1921 1589 1958 hortis„
1625 1923 1718 1966 aquis
1757 1924 1789 1953 et.
1821 1930 1980 1965 aquarum

121 1981 328 2024 decursibus7
365 1981 519 2015 censibus
558 1986 590 2014 et
624 1981 763 2026 singulis
801 1993 839 2015 ac
876 1985 1042 2015 universis
1081 1984 1183 2027 ipsius
1217 1984 1444 2027 pertinenciis,
1474 1980 1633 2015 fructibus
1673 1985 1705 2014 et
1737 1980 1979 2014 emolumentis.

121 2041 372 2087 quibuscunque
414 2046 616 2075 censeantur
653 2041 839 2076 nominibus
878 2053 937 2076 seu
975 2045 1094 2087 quovis
1132 2043 1231 2075 modo
1264 2043 1304 2076 ad
1342 2054 1380 2076 ea
1419 2043 1459 2075 de
1492 2043 1569 2086 jure
1606 2040 1842 2087 spectantibus.
1881 2041 1979 2086 pleno

121 2102 266 2136 dominio
294 2107 393 2148 prout
420 2102 495 2136 illud
527 2101 698 2147 hucusque
727 2102 874 2146 legitime
903 2102 1076 2136 habuimus
1112 2105 1275 2136 tenuimus
1311 2107 1341 2136 et
1371 2102 1593 2148 possedimus,
1623 2100 1872 2135 honorabilibus
1899 2103 1979 2133 viris

121 2167 151 2196 et
181 2163 321 2196 dominis
350 2162 469 2196 Joanni
499 2163 586 2197 dicto
616 2161 754 2208 Propsto
783 2165 885 2208 priori
923 2167 955 2196 et
983 2165 1163 2196 conventui
1191 2162 1409 2208 praesentibus
1439 2167 1470 2196 et
1499 2162 1616 2196 futuris
1653 2164 1844 2195 monasterii
1883 2171 1979 2194 nova?

122 2222 328 2257 fundacionis
357 2224 565 2257 dominorum
595 2224 635 2257 de
664 2223 755 2268 Lypa
785 2226 816 2256 in
846 2222 1062 2259 Chromnaw.
1092 2223 1216 2257 ordinis
1245 2223 1384 2256 fratrum
1415 2226 1626 2256 eremitarum
1657 2224 1761 2255 sancti
1786 2222 1977 2265 Augustinh

120 2294 180 2329 pro
210 2284 396 2329 quindecim
426 2287 546 2318 marcis
575 2295 771 2328 grossorum
801 2286 1016 2328 pragensium
1047 2286 1208 2317 moravici
1236 2286 1364 2316 numeri
1395 2287 1426 2316 et
1454 2285 1656 2328 pagamenti„
1681 2283 1751 2325 jam
1781 2286 1855 2314 actu
1884 2279 1980 2314 nobis

121 2344 328 2389 integraliter
355 2348 536 2379 numeratis
566 2345 691 2378 traditis
721 2348 752 2377 et
781 2344 895 2378 solutis
916 2355 955 2377 ac
983 2346 1015 2376 in
1044 2354 1114 2377 rem
1143 2348 1289 2377 nostram
1320 2343 1431 2376 utilem
1460 2348 1492 2376 et
1511 2345 1738 2376 necessariam
1767 2344 1888 2384 versis,
1917 2343 1980 2374 rite

121 2409 153 2437 et
194 2404 440 2439 racionabiliter
481 2406 691 2440 vendidimus
734 2409 765 2437 et
806 2403 1023 2450 praesentibus
1058 2403 1228 2437 venditum
1267 2404 1425 2436 tradimus
1463 2407 1495 2436 et
1532 2405 1753 2447 assignamus„
1790 2412 1850 2447 per
1891 2404 1980 2446 ipsos

120 2464 308 2498 habendum
346 2466 523 2499 tenendum
566 2465 789 2499 utifruendum
828 2475 867 2497 ac
898 2465 974 2508 jure
1008 2468 1170 2509 perpetuo
1203 2463 1451 2509 possidendum.
1490 2462 1635 2507 nihilque
1671 2461 1765 2495 nobis
1798 2463 1883 2505 juris
1920 2472 1980 2495 5011

121 2525 254 2558 dominii
292 2528 323 2559 in
353 2526 477 2560 eisdem
507 2529 636 2572 penitus
665 2529 891 2560 reservantes
941 2523 1077 2557 exclusa
1106 2523 1209 2557 berna
1238 2524 1355 2568 regali.
1387 2535 1458 2569 quae
1494 2523 1634 2557 dominis
1667 2525 1789 2556 nostris
1818 2522 1858 2556 de
1887 2521 1978 2567 Lypa

121 2585 266 2631 quolibet
303 2591 459 2620 currente
499 2597 560 2620 suo
601 2591 752 2632 tempore
790 2584 908 2618 debeat
944 2587 1148 2630 praesentari.
1197 2583 1328 2617 Debent
1367 2586 1464 2616 etiam
1502 2582 1654 2617 homines
1693 2585 1797 2616 nostri
1839 2586 1870 2615 et
1911 2586 1977 2615 tota

121 2649 339 2681 communitas
380 2647 467 2680 villae
508 2651 631 2681 nostrae
667 2647 762 2680 dictrc
797 2644 932 2691 Ryhnik
975 2648 1083 2678 omnia
1119 2647 1265 2689 ipsorum
1308 2646 1499 2677 necessaria
1541 2645 1574 2676 in
1616 2643 1735 2676 eodem
1776 2642 1976 2676 molendino.

1772 2708 1822 2734 5-2*
